1772 2901
144 269 192 309 ‘s'
181 299 225 342 iu
250 310 293 344 eo
318 299 480 350 positum
509 299 578 346 est,
615 262 660 338 ut
685 298 883 349 Dromlfflsst
909 309 954 345 18,
984 308 1049 348 (1¹11
1077 326 1245 337 ·····
1278 301 1318 320 ⁸
1308 297 1480 343 demde

12 352 122 422 ,ἧς
151 386 154 388 Δ
180 348 301 410 illud
312 375 356 411 *a
384 374 438 402 va
449 362 686 403 ‹limonio‘
730 366 804 404 n'on
845 362 899 402 sic
934 350 1232 420 intellegendum
1262 362 1330 409 est,
1374 361 1482 411 quasi

88 430 112 474 ;’“
177 429 372 479 ,ηψπ
349 424 773 473 a‚vadimonium⁸
816 425 1016 472 derivetur,
1059 425 1126 464 sed
1165 425 1219 464 sic
1260 425 1396 474 potius,
1438 426 1482 466 ut

62 473 106 538 ,ἵζ’
164 490 313 530 ‘notio
353 484 524 537 „vadis‘
547 489 595 528 ad
634 488 932 547 „vadimonium
971 489 1174 536 reseratum
1217 489 1342 540 atque,
1384 489 1482 540 qUOd

186 553 539 610 ¹‚vadimonium
565 553 879 604 promittere“
912 553 1017 593 nullo
1055 553 1166 593 verbo
1193 553 1322 593 addito
1351 554 1397 593 de
1426 565 1479 602 eo,

136 665 139 667 ‚
182 618 248 680 qui
278 617 350 667 ,ad
377 617 560 674 iudicium
587 619 846 668 provocatur⁸‚
889 618 1035 659 dictum
1064 619 1132 666 est,
1175 630 1259 658 cum
1301 618 1482 667 ,vadibus

167 682 251 730 juti,
280 683 345 732 qui
364 694 430 732 pro
457 682 537 732 ipso
565 683 817 722 vadimonium
846 682 1091 733 piomittant“
1125 682 1324 722 dicendum
1351 683 1477 731 fuerit,

181 744 364 797 equidem,
394 746 465 785 etsi
493 757 536 785 ex
564 746 807 797 scriptoribus
834 746 998 796 antiquis
1026 746 1137 793 locos,
1166 745 1300 799 quibus
1328 747 1368 786 id
1394 759 1478 797 pro·

180 810 305 869 betun'
323 864 325 866 ‚
345 810 476 852 afferre
512 822 584 851 non
618 822 779 862 possum,
822 811 951 851 tamen
988 810 1085 850 illud
1121 810 1243 861 ipsum
1279 812 1319 850 in
1355 811 1478 851 verbis

150 869 152 871 ’
185 871 463 930 ,vadimonium
490 877 729 926 promittere‘
761 876 879 914 latere
907 887 1013 925 posse
1039 876 1142 925 puto,
1177 876 1286 925 quod,
1321 876 1386 925 qui
1413 888 1478 915 va-

181 939 291 994 dibus
310 940 442 987 utitur,
470 951 509 979 re
530 951 617 979 vera
641 940 725 990 ipse
738 951 804 990 per
831 939 929 987 illos,
957 940 1001 978 ut
1028 939 1084 978 ita
1111 938 1246 988 dicam,
1276 939 1476 990 promittit.

181 1004 323 1057 Itaque,
354 1015 579 1055 quamquam
607 1005 690 1050 hoc,
718 1004 815 1054 quod
842 1005 1027 1054 postremo
1054 1004 1134 1043 loco
1162 1004 1301 1051 notavi,
1329 1004 1477 1054 planius

182 1067 325 1108 dictum
353 1067 479 1116 velim,
513 1068 721 1108 admodum
758 1068 890 1107 bonam
919 1068 1016 1107 hanc
1052 1068 1336 1118 explicationem
1364 1068 1476 1118 atque

182 1143 225 1171 ex
251 1131 369 1182 ipsius
388 1132 545 1172 Acronis
565 1118 831 1172 c‘ommentario
851 1132 1003 1188 ductam
1032 1143 1111 1171 esse
1139 1143 1279 1171 censeo.
1336 1132 1474 1180 Etiam,

180 1196 278 1248 quod
315 1196 363 1235 ad
396 1196 531 1244 „ille“
563 1196 725 1247 positum
761 1197 1151 1244 est‚·,Rusticus‚“
1185 1196 1272 1246 quia
1309 1196 1408 1236 recte
1437 1207 1475 1236 se

181 1262 295 1302 habet
313 1262 423 1312 atque
442 1263 551 1302 facile
575 1263 712 1313 aliquis
746 1263 855 1310 „ssle‘
888 1263 937 1303 ad
963 1263 1164 1302 relativum
1198 1263 1303 1313 „qui“
1337 1263 1475 1303 referre

180 1326 310 1377 possit,
340 1326 494 1365 minime
521 1328 671 1373 auctore
699 1327 766 1365 illo
794 1327 992 1378 indignum
1021 1328 1120 1376 puto.

289 1391 366 1435 Ad,
389 1403 453 1430 vv.
486 1392 553 1430 13.
587 1393 652 1431 14.
689 1392 888 1439 „Acron“
920 1392 1054 1431 habet:

376 1454 543 1495 Cetera
585 1456 638 1494 de
674 1451 984 1507 genere'hoc.
1042 1455 1115 1504 Qui
1144 1457 1291 1494 diversa
1324 1456 1481 1495 laudant

312 1519 358 1559 de
385 1520 648 1559 inconstantia.

360 1584 629 1624 'delassare
658 1585 748 1623 val.
779 1584 879 1623 Fab.
923 1585 968 1623 Id
997 1585 1065 1632 est,
1095 1584 1204 1624 valde
1231 1585 1385 1623 lassare.
1422 1584 1482 1623 Ita

311 1649 399 1687 sunt
425 1649 557 1696 multa,
601 1651 643 1687 ut
679 1648 713 1688 si
739 1649 832 1688 velit
859 1649 950 1689 haec
987 1660 1214 1696 enumerare,
1256 1649 1365 1688 homo
1393 1660 1480 1699 gar-

309 1713 413 1752 rulus
456 1713 615 1752 nimium
651 1714 845 1764 fatigetur.
912 1713 1001 1752 Fuit
1037 1714 1166 1752 tamen
1201 1713 1340 1753 Fabius
1368 1704 1495 1763 eques'

311 1777 500 1817 Romanus
528 1777 793 1825 Narbonensis,
836 1778 900 1827 qui
928 1777 1070 1827 aliquos
1105 1777 1222 1816 libros
1250 1778 1480 1827 peitinentes

312 1842 361 1881 ad
381 1841 546 1881 Stoicam
574 1841 847 1891 philosophiam
876 1842 1104 1891 conscripsit.
1161 1841 1236 1880 Hic
1263 1843 1389 1880 autem
1409 1841 1481 1881 Fa-

312 1906 396 1945 bius
423 1905 669 1956 Pompeianas
696 1907 823 1956 partes
851 1907 999 1945 secutus
1031 1918 1116 1945 cum
1165 1905 1321 1945 Horatio
1350 1906 1395 1944 de
1423 1905 1481 1944 di-

313 1970 481 2020 sciplinis
510 1981 619 2019 saepe
647 1970 856 2016 contendit;
884 1969 968 2008 ideo
996 1970 1050 2008 ait
1077 1970 1336 2019 loquacem.

292 2034 499 2073 Primum
530 2033 727 2084 explicatio
754 2034 950 2074 verborum
986 2032 1139 2081 „Cetera
1157 2033 1203 2072 de
1231 2045 1366 2084 genere
1385 2034 1475 2073 hoc‘

183 2098 334 2138 Horatii
361 2098 567 2137 sententiae
591 2098 746 2136 minime
773 2098 982 2147 respondet,
1012 2109 1097 2136 cum
1126 2098 1258 2147 primis
1285 2098 1395 2136 huius
1424 2109 1482 2136 sa-

124 2215 127 2217 *
182 2161 279 2216 titae
307 2162 475 2202 versibus
504 2172 630 2209 omnes
659 2161 827 2201 homines
862 2162 959 2201 sorte
988 2172 1052 2200 sua
1082 2172 1155 2204 non
1183 2161 1374 2200 contentos
1403 2172 1482 2200 esse

184 2226 306 2273 dicat3
335 2238 447 2277 quam
466 2227 510 2266 ob
530 2237 609 2265 rem
629 2227 709 2266 sine
728 2226 841 2266 dubio
866 2227 914 2265 ab
933 2228 1078 2268 Acrone
1106 2227 1188 2265 orta
1216 2226 1284 2265 illa
1311 2238 1384 2265 non
1412 2227 1480 2265 est.

291 2291 436 2331 Deinde
465 2291 667 2331 secundi
697 2291 877 2331 scholii
905 2291 1019 2331 verba
1046 2291 1187 2340 prima:
1227 2290 1301 2338 „Id
1331 2291 1440 2331 est.
1471 2320 1480 2329 .

186 2383 353 2395 .....
392 2356 676 2405 fatigetur“‚
706 2355 803 2404 quod
831 2356 917 2403 apte
945 2356 1074 2404 poetae
1103 2355 1328 2393 senteutiam
1361 2355 1483 2404 expri-

184 2420 304 2467 munt,
326 2423 421 2459 *non
463 2419 570 2460 video
612 2431 677 2460 cur
705 2420 753 2459 ab
781 2419 926 2460 Acrone
962 2418 1212 2459 abiudicanda
1239 2418 1328 2458 sint.
1357 2441 1411 2447 -—
1438 2418 1484 2459 In
