1772 2901
229 299 473 341 nebulinum
499 302 723 349 noverimus,
751 311 825 342 non
867 302 988 351 video,
1028 314 1143 354 qmre
1182 315 1256 344 nom
1288 303 1362 355 ipsi
1377 304 1532 356 Acroni,
1613 299 1615 301 ’

229 363 296 415 qui
322 363 365 404 in
391 364 539 415 aliquot
563 364 755 405 codicibus
781 365 914 406 auctor
939 365 1167 416 nominatur,
1193 367 1302 409 illam
1336 367 1532 420 antiqu-m

230 428 456 469 scholiorum
475 430 622 479 partem
648 428 815 469 tribuere
843 429 1057 484 debeamus.
1083 451 1139 459 -—
1164 431 1296 482 Itaque
1322 442 1409 472 cum
1435 431 1533 485 Uace

230 502 322 532 nero
348 491 533 532 adsentiri
560 492 717 532 minime
743 493 896 549 possim,
922 493 973 533 ad
1001 504 1058 541 ea,
1085 505 1181 545 quae
1215 494 1259 536 0.
1296 494 1535 536 Kellerus

231 555 276 610 (1.
305 557 356 609 c.)
384 557 566 607 exposuit,
594 558 673 598 iam
713 558 894 599 transibo.
950 558 1022 599 Ille
1062 558 1183 610 igitur
1218 552 1531 609 scholiorum,

230 631 324 671 quae
351 621 421 660 sub
449 621 656 661 Acrcnis
682 621 832 661 nomine
858 621 1042 670 ferantur,
1068 622 1329 663 collectionem
1346 623 1388 662 in
1414 623 1532 664 duas

229 685 395 735 partes
424 684 592 725 diversas
627 684 914 726 discernendam
942 694 1023 726 esse
1050 687 1189 735 censet,
1216 698 1375 738 quarum
1400 687 1533 728 alte-

228 759 328 792 ram
354 749 415 796 iis,
443 759 539 799 quae
566 749 616 789 ed
644 750 801 800 quatuor
829 750 1039 789 carminum
1067 750 1185 791 libros
1211 752 1326 802 atque
1360 751 1410 791 ad
1446 763 1532 802 epo-¹

230 811 296 853 dos
324 812 464 864 scripta
492 814 581 862 sint,
608 813 762 854 scholiis
789 814 973 855 contineri
1000 815 1039 854 et
1057 815 1204 856 saeculo
1217 814 1253 855 V
1272 816 1424 856 ineunte
1450 827 1533 857 esse

231 878 487 928 compositam,
538 878 766 927 alteram,
807 891 902 930 quae
929 879 1081 930 quidem
1109 880 1234 920 cetera
1246 880 1530 931 complectatur,

231 943 387 982 exeunte
415 943 544 983 eodem
570 943 718 983 saeculo
744 944 865 983 ortam
903 954 1005 990 esse;
1046 944 1146 984 hanc
1179 944 1421 995 posteriorem
1454 944 1533 985 for-

230 1007 330 1047 tasse
356 1006 451 1047 dicit
483 1019 506 1046 a
537 1007 804 1059 Fulgentio
850 1007 1150 1059 mythologo,
1183 1008 1248 1059 qui
1283 1008 1358 1048 fine
1388 1008 1533 1049 saeculi
1580 1035 1582 1037 ψ

232 1070 269 1109 V
296 1070 475 1119 floruerit,
505 1082 585 1111 esse
626 1071 854 1121 profectam3
893 1083 1004 1122 quem
1045 1072 1174 1111 tamen
1207 1072 1270 1112 vel
1310 1072 1532 1123 quicumque

231 1134 330 1174 alius
357 1135 478 1184 partis
504 1135 610 1174 illius
638 1136 768 1175 auctor
796 1135 859 1183 sit,
888 1135 1002 1175 etiam
1029 1135 1164 1185 prioris
1190 1135 1310 1186 partis
1345 1147 1390 1175 ea
1425 1136 1532 1176 scho-

231 1198 297 1247 lia,
327 1210 421 1249 quae
448 1198 497 1238 ad
525 1199 733 1239 carminum
760 1199 899 1239 librum
942 1200 1118 1250 quartum
1159 1200 1270 1250 atque
1310 1199 1360 1239 ad
1397 1200 1532 1250 epodos
1614 1194 1618 1198 ’

232 1264 389 1312 exstent,
430 1264 479 1304 ab
521 1264 687 1305 auctore
720 1264 824 1304 illius
859 1265 1074 1315 propterea,
1123 1264 1222 1315 quod
1262 1265 1466 1315 permulta
1490 1265 1533 1305 in

230 1327 299 1367 illo
336 1328 382 1367 de
422 1328 589 1378 personis
625 1328 843 1368 Horatianis
882 1329 994 1379 atque
1037 1328 1083 1368 de
1123 1328 1235 1368 rebus
1275 1329 1441 1378 exposita
1474 1340 1533 1370 es-

231 1392 327 1439 sent,
370 1393 520 1442 sumpta
562 1393 670 1432 nobis
715 1392 934 1439 tradidisse;
952 1426 954 1428 .
975 1393 1164 1432 auctorem
1206 1392 1365 1443 denique
1398 1393 1534 1443 prioris

231 1456 338 1496 illius
392 1457 651 1496 commentarii
691 1457 1143 1497 Pseudo-Acronem
1189 1450 1367 1496 Kellerus
1415 1457 1536 1496 nomi-

232 1521 311 1560 nat.
367 1521 498 1571 Itaque
543 1533 629 1561 cum
675 1522 889 1561 universum
936 1520 1009 1561 viri
1056 1520 1161 1560 illius
1207 1521 1309 1561 docti
1348 1520 1533 1583 iudicium

232 1587 496 1636 proposuerim,
524 1586 753 1636 priusquam,
783 1598 826 1625 ex
854 1586 988 1636 quibus
1026 1585 1148 1625 causis
1191 1585 1394 1633 ‚Acronis⁸
1436 1586 1536 1625 com'·

233 1650 459 1689 mentarium
503 1662 576 1690 non
617 1651 666 1689 ad
708 1650 910 1690 Helenium
952 1651 1137 1690 Acronem
1180 1650 1414 1689 referendum
1456 1659 1537 1690 esse

233 1715 394 1762 censeat,
424 1703 688 1766 cognoscamus
715 1716 827 1765 atque
855 1715 1064 1765 probemus,
1092 1715 1197 1755 netas
1233 1714 1384 1755 Helenii
1419 1715 1536 1755 Acro·

232 1779 306 1826 nis,
347 1779 445 1829 quod
484 1780 647 1819 multum
689 1780 758 1819 illa
797 1780 846 1819 ad
888 1791 950 1819 eas
992 1779 1246 1819 aestimandas
1286 1779 1401 1826 valet,
1429 1779 1536 1818 nobis

233 1843 434 1883 statuenda
475 1844 552 1891 est,
593 1845 705 1894 atque
746 1844 920 1894 equidem
962 1855 1048 1883 cum
1089 1842 1270 1883 Teuffelio
1310 1842 1440 1890 facio,
1471 1843 1536 1893 qui

233 1907 274 1946 in
302 1907 459 1947 historia
488 1908 702 1947 litterarum
729 1908 935 1947 latinarum
969 1907 1058 1959 (111,
1086 1919 1123 1946 n.
1159 1908 1255 1958 370)
1282 1908 1393 1946 illum
1420 1919 1536 1957 aeque

233 1983 279 2011 ac
292 1971 584 2023 Porphyrionem
606 1973 752 2011 ineunti
774 1984 870 2012 saec.
894 1973 952 2011 ΠΙ
966 1972 1113 2011 tribuit.
1143 1971 1291 2010 Primi
1322 1971 1443 2022 igitur
1452 1983 1537 2010 ‘ar-

234 2036 456 2087 gumenti
483 2037 564 2076 loco
591 2037 712 2076 multa
742 2038 856 2076 verba
883 2037 1066 2076 inusitata
1085 2047 1127 2076 ex
1158 2035 1361 2083 „Acronis“
1385 2035 1537 2076 scholiis

233 2100 409 2140 Kellerus
429 2100 562 2147 refert;
591 2105 686 2150 quae
712 2101 840 2140 tamen
866 2101 948 2151 ipse
977 2099 1143 2139 excusari
1169 2110 1275 2149 posse
1304 2099 1410 2147 dicit,
1440 2099 1537 2149 quod

235 2175 360 2204 eorum
389 2176 508 2214 pauca
547 2165 697 2204 tantum
740 2165 838 2215 apud
879 2164 1078 2215 scriptores
1119 2163 1245 2214 quarti
1286 2163 1435 2203 demum
1476 2163 1534 2203 vel

234 2229 357 2278 quinti
385 2229 526 2268 saeculi
543 2229 788 2279 reperiantur,
817 2230 941 2269 cetera
959 2230 1035 2268 iam
1055 2228 1215 2268 secundo
1243 2228 1420 2277 usurpata
1439 2227 1535 2273 sint;

235 2304 306 2343 quo
325 2293 422 2331 nihil
443 2293 516 2331 iam
535 2293 688 2340 addam,
715 2293 789 2332 nisi
803 2294 846 2333 ut
858 2293 1000 2343 aliquot
1019 2293 1133 2333 verba
1147 2304 1233 2331 rara
1252 2291 1353 2342 apud
1374 2302 1536 2342 gram·
1582 2310 1588 2316 -

236 2369 275 2396 m
284 2369 306 2397 a
316 2358 333 2396 t
342 2358 383 2397 ic
392 2369 416 2397 u
425 2370 464 2397 m
492 2357 591 2397 nihil
618 2358 830 2398 offensionis
857 2358 993 2397 habere
1022 2357 1159 2397 dicam.
1181 2378 1230 2385 —
1251 2355 1409 2404 Deinde,
1438 2354 1536 2406 quod

236 2421 284 2460 ad
312 2422 571 2462 secundum
599 2433 767 2472 argum
779 2423 941 2461 entum
970 2422 1120 2468 attinet,
1150 2420 1190 2459 id
1224 2421 1319 2468 dico,
1357 2419 1455 2469 quod
1488 2419 1536 2459 de
