1772 2901
719 222 988 261 ..29-

0 1281 13 1294 ιῗ
0 1020 35 1274 '‘QQAZPIVWWA
18 988 33 1010 J

338 329 405 368 aut
432 337 568 368 nomen
595 315 783 378 proprium
827 328 983 368 estant
1014 327 1156 379 gentile
1185 327 1232 367 de
1263 328 1498 374 Nomentana

331 392 507 438 civitate;
534 391 725 443 significat
752 390 937 442 quendam
965 390 1133 441 Cassium
1161 391 1403 439 luxuriosum,
1432 392 1497 442 qui

331 457 419 496 inde
449 456 535 495 fuit.
1025 496 1028 497 γ

250 542 252 544 ·
308 532 519 571 Primum
547 531 724 579 scholion,
754 531 797 570 ut
825 531 1026 570 admodum
1052 530 1201 578 bonum,
1230 531 1282 570 ab
1310 531 1496 570 Acrone

201 596 373 647 equidem
400 608 489 636 non
516 596 795 637 abiudicem.

308 672 462 712 Secun
472 672 524 711 di
547 671 678 712 scholii
705 684 730 722 p
740 683 813 711 ars
841 683 865 721 p
875 671 966 710 rim
976 682 999 710 a
1026 681 1116 710 sane
1135 670 1172 710 et
1200 670 1373 721 singulis,
1402 682 1495 721 quae

198 736 411 784 traduntur,
438 737 561 784 rebus,
590 738 628 775 et
656 737 797 777 duobus
820 736 912 776 locis
940 735 1056 775 etiam
1084 734 1206 775 verbis
1234 735 1272 774 et
1300 736 1494 775 verborum

199 800 533 841 constructionibus
568 800 663 840 mire
692 812 776 840 cum
804 801 893 839 Por
902 811 926 849 p
935 800 961 837 h
971 799 1046 850 yri
1057 811 1077 838 ο
1087 799 1161 838 nis
1198 799 1337 839 scholio
1365 811 1496 840 conve-

198 865 274 911 nit3
302 865 402 915 apud
430 865 540 904 illum
568 866 666 904 enim
695 865 857 916 legitur:

394 939 606 978 Naevius
649 939 775 978 autem
802 940 876 979 fuit
904 941 950 978 in
990 941 1174 977 tantum
1212 951 1400 988 parcus,
1444 941 1494 978 ut

328 1004 555 1043 sordidus
601 1005 772 1044 merito
806 1005 1100 1049 'haberetur3
1146 1002 1320 1043 Lucius
1367 1004 1494 1044 eontra

328 1067 411 1106 Cas
424 1068 522 1107 sius
551 1068 868 1108 Nomentanus
910 1069 1000 1108 adeo
1042 1067 1122 1106 sine
1164 1068 1333 1117 respectu
1369 1069 1496 1107 calcu-

328 1132 449 1171 lorum
496 1144 643 1172 suorum
672 1127 673 1131 ’
686 1133 864 1185 prodigus
876 1164 885 1181 ,
933 1134 976 1172 ut
1021 1132 1234 1172 sestertium
1280 1133 1494 1183 septuagies

328 1197 472 1247 gulae
500 1208 551 1236 ac
579 1197 785 1236 libidini
817 1198 1103 1247 impenderit.

305 1271 485 1319 Duorum,
515 1283 604 1321 quos
623 1273 761 1320 notavi,
786 1272 954 1312 locorum
977 1273 1087 1313 alteri
1106 1273 1204 1323 apud
1230 1273 1488 1320 „Acronem“

200 1336 414 1385 respondet:
477 1333 711 1383 „Naevius
739 1337 836 1375 tam
863 1333 1035 1387 parcus
1077 1338 1189 1385 fuit,
1231 1338 1283 1375 ut
1320 1337 1494 1375 merito

146 1410 148 1413 ·
200 1400 421 1439 sordidus
439 1400 739 1448 haberetur‚“
764 1400 891 1441 alteri:
926 1402 1151 1449 „libidini
1179 1402 1226 1441 et
1245 1401 1390 1452 gulae
1417 1400 1494 1439 im-

197 1465 459 1513 penderet.“
538 1465 611 1504 Sed
656 1466 805 1514 propter
850 1466 946 1505 hanc
1000 1466 1287 1505 similitudinem
1338 1464 1494 1504 minime

204 1527 404 1576 „Acronis“
452 1528 617 1568 scholion
659 1540 701 1569 ex
730 1530 991 1580 Porphyrionis
1032 1531 1193 1580 petitum
1234 1541 1313 1569 esse
1352 1529 1493 1574 iudico;

198 1605 297 1641 nam,
326 1593 376 1633 ad
393 1606 452 1633 res
471 1594 568 1644 quod
595 1594 744 1642 attinet,
775 1606 973 1635 consensus
1002 1595 1067 1635 ille
1095 1595 1150 1635 sic
1176 1594 1289 1634 facile
1317 1592 1494 1644 explicari

197 1658 330 1708 potest,
359 1659 402 1696 ut
420 1660 709 1709 grammaticum
728 1659 922 1708 antiquum
943 1660 1039 1698 illud
1064 1660 1228 1699 scholion
1249 1658 1494 1708 composuisse

198 1723 418 1771 statuamus,
447 1723 509 1773 qui
529 1735 572 1763 ex
592 1724 672 1763 tam
700 1723 888 1772 uberibus,
918 1725 1028 1774 atque
1055 1723 1298 1776 Porphyrion,
1328 1722 1492 1762 fontibus

197 1787 378 1834 hauserit3
422 1788 543 1826 fontes
571 1788 670 1828 enim
698 1799 826 1827 eorum
853 1789 921 1827 hoc
949 1789 1029 1828 loco
1057 1789 1285 1828 consensisse
1326 1788 1386 1827 vel
1415 1799 1492 1826 eos—

198 1851 283 1890 dem
311 1852 426 1891 fuisse
465 1853 597 1901 putare
624 1853 719 1891 nihil
747 1864 814 1892 nos
841 1853 1030 1903 prohibet;
1072 1865 1137 1903 pro
1164 1853 1244 1903 ipso
1272 1853 1399 1892 autem
1426 1851 1493 1890 illo

197 1915 443 1966 grammatico
469 1916 513 1962 is,
557 1928 667 1966 quem
704 1916 824 1956 solum
851 1917 997 1966 praeter
1025 1917 1316 1968 Porphyrionem
1343 1915 1493 1955 Horatii

197 1979 435 2020 scholiastam
454 1980 635 2028 novimus,
657 1979 872 2033 (Helenius)
892 1981 1028 2029 Acron,
1057 1993 1141 2020 cum
1165 1980 1493 2021 verisimilitudine

197 2043 417 2084 statuendus
446 2045 513 2084 est.
570 2044 666 2085 Sane
691 2046 773 2084 tum
791 2046 879 2084 miri
896 2045 1041 2096 aliquid
1059 2045 1185 2092 habet,
1214 2045 1309 2094 quod
1338 2045 1493 2094 uterque

197 2109 398 2149 scholiasta
439 2121 483 2149 ex
522 2110 688 2149 fontibus
728 2110 804 2150 suis
844 2122 911 2160 pro
953 2122 1037 2150 vero
1078 2110 1222 2159 accepit
1263 2109 1493 2148 Naevium

197 2174 435 2213 sordidum
455 2175 640 2224 quendam
658 2175 785 2223 fuisse,
814 2172 1039 2225 quamquam
1062 2174 1140 2213 loco
1156 2174 1372 2221 Horatiano,
1402 2173 1492 2212 sim-

195 2238 346 2287 pliciter
373 2239 484 2288 atque
512 2240 611 2277 recte
640 2240 833 2288 explicato,
870 2251 1019 2288 prorsus
1046 2238 1142 2276 illud
1170 2238 1355 2287 repugnat
1381 2238 1491 2286 atque

195 2302 476 2350 perversissima
517 2303 628 2342 huius
677 2302 750 2342 loci
792 2302 1034 2353 explicatione
1076 2302 1289 2341 conclusum
1330 2300 1371 2338 id
1412 2311 1491 2339 esse

196 2366 363 2414 apparet,
406 2378 449 2405 ea
476 2367 638 2416 quidem,
680 2379 754 2416 qua
782 2368 947 2406 Naevius
987 2367 1030 2405 ut
1070 2366 1279 2415 exemplum
1314 2364 1493 2404 contrarii

196 2427 387 2469 hominum
407 2431 556 2481 generis
574 2431 688 2471 Nom
699 2431 891 2479 entano,
910 2430 1052 2470 homini
1067 2429 1265 2476 luxurioso,
1284 2427 1490 2478 opponitur.
