1772 2901
752 190 997 229 ...5.-

226 295 310 337 risii
335 295 594 338 testimonium
619 294 767 340 tuetur-3
794 293 859 344 qui
886 294 1013 334 utrum
1039 292 1142 334 idem
1158 293 1270 344 atque
1288 292 1412 333 Acron
1439 293 1522 333 vul·

227 359 340 409 gatus
366 358 554 408 putandus
581 358 634 396 sit
661 368 788 410 necne,
816 358 944 407 postea
970 357 1194 397 videbimus.

335 421 520 472 Quartum
556 420 671 461 etiam
716 420 867 461 Horatii
910 421 1238 462 commentatorem
1280 420 1360 460 vita
1395 419 1463 459 illa
1498 431 1522 459 a

226 487 388 527 Bentino
406 485 507 526 edita
530 484 593 533 ,0.
621 485 910 526 Aemilium·
933 487 1115 534 numerat,
1134 497 1244 536 quem
1263 485 1521 534 Fabricius,

226 551 534 601 Hoenigerus
560 550 671 600 atque
698 551 824 590 nostra
850 551 972 590 aetate
1008 550 1434 590 Mitscherlichius
1462 548 1520 601 (in

225 615 390 655 Praefat.
427 614 531 653 Edit.
578 613 685 665 Jani)
729 614 769 654 et
802 613 1125 665 Suringarius
1169 614 1354 665 (Historia
1389 613 1520 654 critica

225 677 517 719 Scholiastarum
546 677 747 717 latinorum
767 678 888 730 Lugd.
913 679 1000 717 Bat.
1033 678 1148 717 1834.
1172 676 1292 729 1835)
1319 677 1521 716 tenuerunt

223 742 336 792 atque
363 741 621 781 defenderunt,
650 741 815 790 Quorum
843 743 1004 782 virorum
1029 741 1160 782 iudicii
1178 741 1391 781 temeritate
1408 740 1519 780 valde

225 806 361 852 miron
388 816 506 855 neque
534 805 635 846 enim
662 805 814 845 aliunde
840 806 991 845 Horatii
1024 806 1226 846 scholiasta
1252 806 1332 845 eius
1358 805 1519 845 nominis

225 881 270 910 ac
296 881 344 910 ne
384 870 653 921 grammaticus
694 870 845 920 quidem
887 871 996 910 notus
1031 871 1089 910 est
1116 870 1174 918 et,
1215 868 1394 920 quomodo
1420 869 1517 910 illud

224 933 711 973 nomeninscholiastarum
733 946 931 973 numerum
952 934 1126 981 venisset,
1146 934 1189 972 F.
1213 933 1517 972 Hauthalius

224 997 339 1050 (Mus.
368 997 486 1038 Rhen.
515 1009 549 1037 a.
584 998 697 1046 1847,
726 1010 761 1049 p.
791 997 889 1050 516)
918 997 1061 1038 ratione
1093 997 1294 1037 admodum
1321 996 1518 1036 verismili

225 1062 495 1102 demonstrasse
522 1063 617 1101 mihi
646 1063 814 1109 videtur;
844 1063 978 1102 statuit
1005 1062 1106 1102 enim
1134 1062 1191 1101 vir
1217 1062 1283 1101 ille
1311 1062 1442 1101 doctus
1469 1061 1517 1100 il-

223 1125 290 1166 lud
322 1124 385 1173 ,C.
413 1118 620 1166 Aemilius“
662 1137 705 1166 ex
739 1126 891 1166 ineunte
925 1126 1165 1176 inscriptione
1200 1125 1313 1175 primi
1340 1125 1516 1165 carminis

221 1191 312 1230 libri
338 1191 451 1240 primi
479 1191 603 1229 ortum
631 1202 732 1238 esse,
761 1190 908 1240 qualem
937 1191 978 1229 in
1005 1189 1138 1230 Codice
1166 1190 1254 1229 Vat.
1284 1191 1391 1229 3259
1419 1201 1514 1230 saec.
1551 1214 1554 1215 ν

221 1254 277 1293 XI
304 1255 415 1304 atque
443 1254 483 1292 in
501 1254 681 1293 Bernensi
701 1255 781 1293 363
799 1266 895 1294 saec,
921 1254 1015 1293 VIII
1041 1253 1246 1299 invenerit;
1274 1254 1314 1292 in
1332 1254 1399 1293 illo
1417 1254 1517 1293 enim

221 1319 383 1368 primum
412 1330 562 1357 carmen
589 1319 644 1358 sic
678 1329 757 1358 esse
784 1318 1026 1368 inscriptum:
1064 1317 1285 1356 Emilium
1314 1317 1370 1356 ad
1396 1317 1516 1357 Mae·

220 1383 477 1429 cenatem⁸‚
506 1382 546 1420 in
572 1382 660 1421 hoe:
691 1381 731 1421 G.
761 1381 1021 1420 Aemilium
1056 1381 1112 1420 ad
1151 1381 1514 1430 Maecenatem‘,

220 1446 332 1496 atque
360 1445 400 1485 in
427 1446 582 1496 utroque
616 1446 712 1485 hanc
746 1445 1027 1496 inscriptionem
1060 1445 1182 1495 ipsum
1219 1444 1331 1484 finem
1354 1444 1465 1484 .vitae
1493 1456 1516 1483 a

218 1510 340 1559 prima
366 1521 480 1548 manu
507 1510 668 1559 scriptae
703 1509 909 1549 succedere.
964 1510 1096 1559 Itaque
1130 1510 1184 1548 sic
1221 1509 1261 1547 in
1288 1509 1357 1548 illa
1385 1509 1465 1549 vita
1491 1521 1514 1548 a

219 1573 381 1613 Bentino
408 1573 511 1613 edita
538 1573 737 1625 legendum
766 1574 876 1623 puto:

349 1636 598 1676 Commentati
634 1638 722 1676 sunt
758 1637 867 1676 illum
895 1637 1137 1687 Porphyrion,
1165 1637 1368 1684 Modestus,
1397 1637 1512 1677 Hele-

348 1700 433 1740 nius
460 1700 584 1740 Acron
612 1701 779 1740 omnium
806 1700 967 1751 optime“

218 1764 299 1803 vel:
346 1764 595 1804 Commentati
624 1794 633 1803 .
663 1794 673 1803 .
704 1794 714 1803 .
753 1795 763 1803 .
806 1794 815 1803 .
856 1794 864 1803 .
903 1765 1113 1812 Modestus,
1157 1765 1339 1804 Helenius
1385 1766 1512 1805 autem

346 1827 472 1867 Acron
498 1828 664 1868 omnium
692 1827 874 1878 optime3⁸

217 1892 427 1933 coniunctio
454 1893 553 1933 enim
596 1893 765 1941 „autem‘
806 1894 873 1933 aut
909 1893 1072 1945 genuina
1099 1894 1221 1944 atque,
1249 1894 1444 1944 postquam
1472 1893 1513 1934 in

217 1956 291 1997 fine
331 1955 394 2004 „C.
436 1957 642 1997 Aemilius“
682 1957 855 1996 additum
892 1958 985 2005 erat,
1023 1957 1208 1997 translata
1244 1959 1311 1997 aut
1336 1959 1419 1997 tum
1448 1958 1513 1998 de-

216 2032 334 2069 mum,
362 2033 448 2061 cum
475 2021 572 2060 illud
599 2021 743 2061 factum
771 2022 863 2069 erat,
891 2021 1110 2072 interposita
1137 2023 1206 2061 est.

323 2085 477 2125 Praeter
503 2085 583 2133 hos,
612 2097 701 2135 quos
729 2086 829 2125 vitae
856 2086 1063 2133 nominant,
1091 2086 1311 2125 scholiastas
1338 2087 1510 2126 nonnulli

215 2148 333 2189 alium
361 2149 476 2189 etiam
519 2161 562 2189 ex
591 2148 810 2190 Charisio
846 2161 882 2200 p.
921 2150 1013 2198 202,
1051 2150 1103 2190 28
1138 2150 1189 2189 Κ.
1232 2150 1440 2201 petierunt;
1468 2162 1512 2191 eo

215 2213 328 2261 enim,
348 2214 445 2263 quod
463 2213 545 2253 illic
564 2214 731 2253 dicatur:
761 2214 805 2263 Q.
825 2214 1083 2254 Terentius
1103 2214 1308 2254 Scaurus
1326 2215 1376 2253 in
1394 2226 1510 2254 com-

214 2278 472 2318 mentariis
507 2278 556 2318 in
591 2279 741 2319 artem
769 2278 1009 2330 poeticam
1044 2278 1173 2318 libro
1209 2278 1284 2327 X,
1312 2278 1509 2319 Horatii

215 2342 336 2399 artem
363 2343 548 2392 poetieam
589 2343 795 2394 significari
836 2343 1063 2383 existimant.
1108 2343 1182 2382 Sed
1223 2344 1273 2391 et,
1314 2344 1410 2382 illud
1452 2343 1510 2394 ip-

215 2417 298 2445 sum
340 2406 373 2445 si
413 2407 645 2456 spectamus,
688 2406 844 2446 minime
883 2406 1075 2479 probabile
1115 2408 1173 2447 est
1213 2407 1253 2446 in
1299 2407 1420 2447 solum
1460 2406 1509 2447 il-
