1772 2901
319 783 413 824 Cum
440 795 580 836 magna
613 784 804 834 voluptate
831 783 919 823 inde
945 795 969 824 a
996 783 1128 833 primis
1155 782 1291 823 studiis
1319 782 1505 822 academi-

210 849 265 889 cis
291 850 489 889 Horatii
516 849 701 888 satiras
727 848 918 899 legissem,
946 848 1110 887 libenter
1128 847 1291 886 amicum
1320 847 1505 895 quendam

210 912 358 953 secutus
385 924 470 952 sum
495 912 719 960 hortantem,
747 912 792 951 ut
818 911 971 959 scholia,
1000 922 1096 961 quae
1115 910 1164 949 ad
1182 910 1317 949 satiras
1345 910 1503 957 exstant,

209 976 414 1016 tractarem
441 987 486 1016 ac
513 974 722 1026 praecipue,
752 987 935 1025 quaenam
963 986 1006 1014 ex
1033 974 1094 1022 iis,
1124 986 1217 1025 quae
1251 974 1498 1022 „Acronis‘

210 1041 400 1088 vocantur,
429 1040 687 1090 antiquissimo
714 1040 878 1089 tempore
897 1040 978 1078 orta
1002 1039 1053 1086 et,
1081 1050 1123 1078 ex
1142 1039 1201 1078 his
1222 1050 1404 1088 quaenam
1431 1038 1505 1088 ipsi

209 1105 296 1145 noto
322 1104 384 1144 illi
419 1103 667 1156 grammatico
694 1103 944 1143 adiudicanda
984 1103 1120 1151 essent,
1161 1103 1355 1153 probarem
1393 1103 1504 1153 atqm

209 1169 449 1219 inquirerem.
497 1168 560 1207 Ad
595 1180 707 1218 quarn
742 1179 820 1207 rem
848 1167 979 1206 statim
1006 1167 1102 1206 mihi
1129 1168 1331 1217 apparebat
1358 1168 1505 1207 necess'e

209 1244 289 1273 esse
316 1233 420 1282 prius
447 1233 514 1271 has
544 1233 636 1271 duas
655 1244 714 1271 res
734 1243 928 1281 quaerere:
956 1233 1133 1281 primum,
1163 1231 1226 1281 qui
1245 1232 1393 1270 omnino
1411 1232 1505 1271 fuis-

209 1295 293 1335 sent
338 1296 488 1335 Horatii
529 1295 769 1342 scholiastae;
811 1293 956 1342 deinde,
1000 1306 1043 1333 ex
1077 1294 1239 1333 fontium
1280 1295 1503 1335 auctoritate

209 1361 356 1401 idemne
389 1360 591 1409 „Acronis“
624 1360 736 1410 atque
763 1359 914 1400 Helenii
948 1358 1106 1409 Acronis
1134 1360 1421 1399 commentarius
1448 1359 1505 1400 vi-

209 1425 370 1464 deretur.
419 1424 524 1473 Quod
552 1435 687 1462 munus
715 1435 801 1462 cum
838 1423 1079 1463 absolvissem
1106 1424 1173 1470 ita,
1201 1424 1245 1462 ut
1271 1424 1311 1461 in
1338 1425 1504 1463 fontibus

214 1488 415 1537 „Acronis“
457 1487 765 1528 commentarium
800 1486 958 1526 Helenio
994 1487 1132 1527 Acroni
1168 1487 1285 1527 tribui
1312 1499 1378 1537 pro
1405 1488 1505 1528 certo

207 1553 396 1599 haberem,
426 1552 473 1591 ad
494 1552 583 1601 ipsa
609 1551 810 1591 satirarum
846 1551 986 1591 scholia
1020 1551 1252 1609 inspicienda
1292 1553 1403 1602 atque
1445 1564 1506 1592 co-

208 1616 421 1668 gnoscenda
461 1626 522 1654 me
550 1614 692 1654 contuli
719 1616 842 1665 atque,
885 1626 931 1654 ne
970 1615 1089 1655 nimia
1125 1627 1235 1666 opera
1261 1616 1374 1666 atque
1400 1616 1506 1656 labor

208 1681 303 1721 mihi
332 1680 441 1727 esset,
469 1680 632 1731 quinque
658 1680 810 1719 tantum
837 1679 1108 1734 prioresvprimi
1125 1680 1217 1720 libri
1243 1681 1377 1721 satiras
1405 1682 1506 1722 trac-

207 1745 298 1784 tavi.
327 1745 423 1784 Rem
451 1744 569 1795 igitur
586 1755 698 1794 quam
727 1744 1018 1795 diligentissime
1044 1746 1280 1795 persequenti
1309 1757 1393 1785 cum
1421 1757 1506 1795 per-

207 1809 329 1863 multa
355 1809 452 1848 mihi
478 1808 560 1848 visa
587 1809 710 1847 essent
728 1808 801 1858 ipsi
819 1809 978 1848 Helenio
997 1809 1135 1849 Acroni
1153 1809 1394 1849 attribuenda
1413 1822 1503 1858 esse,

207 1873 306 1923 quod
334 1873 414 1912 tota
450 1873 540 1911 haec
577 1883 636 1911 res
672 1884 786 1922 usque
813 1873 862 1911 ad
899 1873 941 1911 id
975 1873 1122 1923 tempus
1149 1874 1218 1913 sub
1246 1874 1368 1914 iudice
1396 1875 1504 1922 esset,

207 1947 338 1987 operae
365 1935 527 1987 pretium
555 1936 744 1975 facturum
772 1947 832 1975 me
860 1947 940 1976 esse
968 1937 1159 1986 putabam,
1189 1937 1233 1986 si,
1263 1949 1356 1988 quae
1383 1938 1505 1988 profe-

207 2000 354 2048 cissem,
382 2000 719 2051 quantulacumque
745 2001 879 2048 essent,
909 1992 1018 2041 huius
1037 2001 1159 2041 almae
1183 2002 1397 2042 academiae
1424 2014 1505 2042 am-

206 2066 376 2117 plissimo
402 2065 702 2119 philosophorum
730 2065 852 2104 ordini
876 2077 1136 2116 proponerem3
1164 2067 1278 2117 atque
1296 2067 1504 2117 sperabam,

207 2131 242 2171 si
268 2142 340 2181 qua
367 2130 561 2169 temeritas
597 2130 707 2180 atque
744 2131 996 2170 inconstantia
1030 2132 1163 2171 iudicii
1197 2132 1430 2180 occurrisset,
1458 2133 1504 2171 ob

206 2194 402 2246 ingenium
430 2194 594 2232 iuvenile
623 2195 661 2232 et
689 2195 734 2233 ob
763 2195 818 2233 rei
847 2195 1089 2235 difficultates
1108 2197 1257 2235 veniam
1285 2197 1416 2235 datum
1440 2194 1503 2235 iri.

316 2259 442 2310 Agam
471 2259 590 2309 igitur
617 2259 822 2309 primum
849 2260 1015 2299 breviter
1042 2260 1088 2299 de
1116 2260 1186 2299 hac
1213 2271 1265 2308 re,
1295 2260 1358 2309 qui
1384 2260 1505 2300 Hora·
1569 2261 1570 2265 ’

206 2323 255 2362 tii
281 2323 508 2363 scholiastae
526 2323 679 2370 fuerint,
708 2323 820 2373 atque
837 2323 1034 2373 praecipue
1052 2323 1251 2373 inquiram,
1282 2336 1324 2362 ex
1343 2324 1504 2363 fontium

205 2388 429 2428 auctoritate
457 2387 606 2427 idemne
646 2386 847 2435 „Acronis“
887 2388 998 2438 atque
1032 2387 1184 2427 Helenii
1219 2387 1377 2427 Acronis
1405 2399 1505 2427 com-

206 2452 413 2492 mentarius
440 2451 624 2501 videatur,
652 2463 725 2502 qua
743 2452 958 2502 quaestione
976 2451 1147 2491 absoluta
1174 2463 1229 2500 ea,
1256 2463 1350 2503 quae
1378 2452 1506 2491 contra

1222 2518 1241 2555 1

1754 2444 1763 2453 ⁸
1753 2376 1762 2385 *
1770 2329 1772 2331 .
1754 2145 1772 2279 1J=m÷.†‡:.
