1772 2901
663 227 946 270 ...71-

266 338 337 379 Ad
362 349 399 379 v.
429 338 481 378 97
507 337 608 388 apud
642 338 917 385 ,Aer-onem·
942 337 1125 393 legimus}

352 402 467 443 Bari
494 402 677 443 moenia
704 402 819 453 pise.
843 417 886 453 y:
915 402 1118 442 Atbaris
1159 402 1297 443 dieitur
1322 402 1449 443 hodie·-

289 479 371 519 que,
409 468 451 506 ut
487 467 583 506 dixit
617 467 886 518 grammaticus
927 457 1224 508 The'otistus.
1263 468 1445 507 Aliter:

285 532 421 577 civitas
447 532 620 582 Apuliae,
649 543 742 582 quae
780 532 992 583 appellatur
1019 532 1225 574 Barium.

212 598 278 643 fh:
351 596 467 636 Bari
494 597 629 637 civitas
656 596 827 647 Apuliae,
865 608 960 647 quae
994 597 1206 647 appellatur
1241 597 1445 637 Barium.

211 663 327 703 rell:
356 662 498 702 Civitas
525 663 594 710 est,
637 674 730 713 quae
770 662 971 702 Atbaris
1011 661 1149 702 dieitur
1175 662 1365 713 hodieque,
1396 663 1438 702 ut

352 726 447 767 dixit
473 727 741 778 grammaticus
768 727 1067 767 Theotistus.

210 791 276 832 c.:
350 791 542 831 Barium
570 792 747 832 civitas
789 793 846 832 est
872 791 1043 841 Apuliae.
1099 791 1177 830 alia
1209 768 1335 830 antem
1377 793 1445 839 eet,

351 868 446 906 quae
475 856 726 896 Grammatico
772 855 1022 896 Theotisto
1065 855 1165 895 dieta
1206 856 1264 896 est
1290 856 1444 896 Baris.

264 921 434 960 Primum
461 920 598 960 codicis
625 935 646 970 y
673 921 814 960 scholia
843 921 876 960 si
889 921 1110 971 spectamus,
1139 920 1273 970 prius
1309 932 1353 959 ex
1389 932 1442 968 eo,

158 986 256 1037 quod
283 985 550 1037 grammaticus
579 985 881 1034 Theotistus‚
914 985 978 1037 qui
1018 984 1140 1024 medio
1181 984 1258 1024 fere
1300 985 1444 1025 saeculo

158 1051 191 1089 V
209 1063 244 1101 p.
275 1049 360 1089 Chr.
390 1062 426 1090 n.
455 1050 592 1097 floruit,
621 1050 939 1097 commemoratur,
967 1050 1050 1100 post
1087 1050 1154 1088 hoe
1200 1051 1347 1099 tempus
1387 1061 1446 1090 or-

156 1117 236 1154 tum
266 1115 377 1165 atque
407 1114 453 1154 ab
481 1114 561 1164 ipso
580 1114 724 1154 Acrone
751 1114 1041 1167 abiudieandum
1071 1125 1148 1153 esse
1184 1114 1355 1164 apparet3
1389 1114 1445 1165 ip-

156 1191 236 1218 sum
256 1179 381 1218 autem
402 1178 497 1217 illud
516 1179 595 1217 sine
615 1178 727 1217 dubio
745 1179 957 1228 corruptum
977 1178 1053 1225 est,
1087 1190 1171 1217 eum
1196 1178 1440 1224 ,Atbaris‘

155 1254 221 1294 pro
239 1243 394 1293 antiqua
423 1242 541 1282 forma
575 1243 628 1290 ,B
638 1242 810 1283 arium·
843 1242 945 1281 nullo
973 1242 1080 1282 modo
1114 1242 1331 1292 usurpatum
1366 1253 1444 1282 esse

155 1308 281 1357 possit,
301 1308 412 1357 atque
426 1306 595 1357 equidem
623 1307 663 1345 in
696 1308 749 1354 ,A
761 1307 799 1346 t·
831 1308 943 1357 atque
977 1306 1160 1354 ,Baris“
1191 1306 1287 1346 illud
1305 1306 1444 1347 discer-

158 1371 322 1414 nendum
336 1382 415 1410 esse
442 1371 542 1422 puto,
570 1371 611 1410 id
638 1371 734 1421 quod
762 1371 876 1411 etiam
915 1370 1247 1419 „Commentatoris
1288 1370 1445 1421 Cruqui-

158 1436 241 1476 ani“
274 1436 412 1477 scholio
439 1436 615 1487 probatur
643 1437 752 1487 atque
781 1447 834 1484 eo,
864 1436 960 1486 quod
987 1437 1070 1486 post
1097 1436 1302 1475 alterum
1339 1435 1444 1476 scho-

157 1501 234 1540 lion
251 1501 374 1540 ertum
402 1512 478 1540 esse
507 1500 675 1547 videtui-3
704 1501 772 1541 hoo
813 1500 925 1548 enim,
968 1500 1064 1551 quod
1106 1501 1204 1540 reete
1238 1512 1277 1539 se
1316 1500 1442 1548 habet,

157 1557 248 1615 ipei
268 1565 441 1605 Aeroni
468 1565 637 1616 equidem
662 1565 846 1612 tribuam;
874 1564 971 1616 quod
991 1565 1198 1605 seeundo
1217 1565 1444 1617 locoatque

157 1641 241 1669 cum
269 1630 379 1670 verbo
412 1629 619 1677 „Aliter‘
643 1629 805 1680 positum
833 1631 902 1677 est,
931 1630 1011 1678 hoe,
1039 1629 1135 1679 quod
1163 1641 1271 1680 saepe
1285 1630 1324 1668 in
1343 1641 1443 1670 com-

156 1694 336 1734 mentario
369 1695 620 1743 ,Acronian0“
653 1694 793 1734 scholia
821 1694 938 1734 serius
978 1695 1079 1734 faeta
1119 1694 1279 1745 priorem
1319 1695 1442 1735 locum

155 1759 296 1808 tenent,
323 1760 467 1800 nullam
508 1759 743 1800 offensionem
784 1760 914 1808 habet;
962 1760 1114 1808 „Bari“
1161 1761 1299 1808 autem,
1346 1760 1442 1811 quod

155 1824 198 1863 fh
211 1837 309 1880 ‘eum
336 1825 464 1865 eodem
491 1825 628 1865 scholio
656 1825 892 1865 coniunctum
920 1826 1070 1873 habent,
1104 1826 1285 1873 „lemma“
1319 1827 1442 1876 potius

155 1899 233 1929 esse
259 1891 429 1941 apparet;
457 1890 506 1930 ad
532 1891 672 1931 eeteros
717 1890 860 1936 codices
905 1891 1002 1941 quod
1047 1891 1198 1939 attinet,
1246 1891 1285 1929 in
1314 1890 1342 1930 C
1370 1890 1442 1931 duo

155 1953 294 1995 scholia
320 1955 473 2005 paulum
501 1956 645 1995 mutata
674 1956 773 2003 sunt,
802 1956 912 2007 atque
939 1956 979 1995 in
1021 1956 1184 2007 reliquis,
1227 1956 1267 1995 in
1307 1956 1441 2007 quibus

154 2018 304 2068 quidem
331 2020 477 2071 saepius
505 2020 677 2060 liberiore
707 2021 865 2071 quodam
883 2021 991 2061 modo
1019 2021 1159 2061 scholia
1183 2020 1435 2068 ,Aeroniana⁸

154 2084 317 2124 tractata
346 2086 445 2133 sunt,
474 2085 635 2125 alterum
668 2086 904 2136 amputatum
938 2098 1021 2126 eum
1066 2086 1186 2136 priore
1231 2086 1280 2125 ad
1326 2098 1440 2126 unum

153 2146 389 2189 coniunctum
417 2150 486 2189 est.

260 2277 348 2317 Jam
376 2278 468 2318 satis
495 2278 617 2318 multa
645 2279 783 2320 scholia
811 2291 870 2319 me
904 2280 1123 2320 tractavisse
1168 2281 1269 2331 puto,
1312 2281 1354 2320 ut
1394 2280 1441 2320 de

152 2340 320 2398 universo
347 2335 604 2383 commentarii
628 2344 1014 2396 „Aeroniani“genere
1042 2346 1152 2395 utque
1179 2346 1313 2385 natura
1341 2345 1440 2385 iudi-

0 2398 44 2463 3'5',
74 2442 77 2445 .
151 2415 234 2444 care
262 2405 396 2455 liceat3
424 2408 536 2459 atque
563 2408 736 2459 equidem
762 2408 854 2451 haee
880 2409 1021 2449 statuo:
1050 2409 1126 2449 iam
1153 2410 1305 2461 antiquo
1344 2411 1441 2451 tem-

154 2481 242 2520 pore
270 2483 313 2511 ex
341 2473 581 2523 grammatici
608 2473 759 2514 Helenii
787 2474 944 2515 Aeronis
980 2476 1241 2516 commentario
1282 2476 1329 2516 ab
1369 2474 1441 2517 ali-
