1772 2901
325 303 458 355 Itaque
483 314 569 344 cnm
597 314 639 342 ex
666 302 725 351 iis,
753 313 851 353 quae
872 302 964 351 dixi,
993 301 1197 344 verisimile
1223 302 1396 343 videatur
1421 314 1512 363 aevo

212 367 342 412 medio
373 368 601 423 ,Acronem‘
632 378 699 417 pro
726 359 885 408 Helenio
903 366 1049 407 Acrone
1072 366 1270 419 vulgatum
1297 367 1426 417 fuisse,
1453 368 1513 408 ni-

217 431 275 473 hil
300 431 409 473 aliud
431 431 551 473 restat
576 430 662 477 nisi,
690 431 734 471 ut
760 441 816 478 aa,
845 441 939 480 quae
965 430 1014 469 ad
1041 431 1139 470 hanc
1164 430 1374 480 opinionem
1401 432 1512 471 refel-

217 493 369 535 lendam
396 493 593 540 dicuntur,
635 504 899 545 cognoscamus
938 494 1050 544 atque
1086 494 1345 544 expendamus.
1374 494 1511 544 Atque,

217 569 277 600 nc
291 557 427 609 longus
453 558 538 604 sim,
581 568 707 597 eorum
734 557 904 605 tantum,
945 558 1012 607 qui
1037 558 1239 598 novissimo
1265 560 1429 608 tempore
1455 558 1513 597 la-

219 620 373 665 tius‘‚de
399 621 472 660 hac
498 631 539 660 re
577 620 843 668 disseruerunt,
870 621 921 659 H.
951 620 1154 660 Useneri
1181 622 1220 660 et
1246 620 1290 660 Ο.
1319 621 1513 660 Kelleri

217 684 358 725 iudicia
384 684 546 735 eligam3
582 695 738 735 quorum
769 684 867 723 illud
900 684 941 723 in
974 684 1305 732 „commentatione
1333 684 1380 724 de
1406 685 1513 724 scho—

217 747 280 787 liis
307 748 545 787 Horatianis‘
580 749 696 799 (Bern
727 749 847 799 1863)
861 748 925 799 ¹¹),
953 749 1023 788 hoc
1049 748 1089 787 in
1122 748 1327 798 ,Symbolis
1354 748 1513 798 philolo-

217 822 349 864 gorum
374 811 648 852 Bonnensium⁸
682 811 735 865 (p.
764 813 843 853 491
872 812 970 864 sqq.)
998 812 1159 863 positum
1187 812 1255 852 est.

326 876 440 916 Illic
457 876 577 927 igitur
604 888 751 916 summa
778 876 911 916 iudicii
937 877 997 915 his
1025 876 1165 916 duobus
1201 876 1293 915 locis
1330 874 1383 927 (p.
1421 874 1511 927 VII)

218 939 448 980 continetur:
476 940 575 980 hunc
601 940 752 980 Horatii
778 940 1019 980 scholiastam
1047 939 1115 991 (sc.
1149 938 1399 991 „Acronem“)
1426 950 1513 989 pra-

217 1005 369 1045 vissime
396 1005 574 1045 confundi
601 1017 686 1044 cum
727 1005 974 1056 grammatico
1015 1005 1277 1055 probatissimo
1304 1003 1512 1043 Antonino-

217 1080 302 1109 rum
328 1068 446 1108 aetati
472 1081 496 1108 a
541 1069 851 1109 Schottmuellero
892 1069 1035 1108 ratione
1056 1069 1166 1108 *satis
1194 1069 1296 1108 certa
1324 1068 1512 1118 adscripto

219 1133 370 1184 quaevis
395 1132 526 1173 littera
552 1133 693 1173 clamat
729 1135 767 1174 et
802 1133 944 1173 dudum
986 1134 1043 1173 est
1084 1133 1358 1181 intellectum“‚
1399 1133 1512 1183 atque

180 1244 184 1248 .
218 1197 396 1236 inferius:
424 1197 489 1246 qui
516 1198 709 1236 emendari
737 1198 933 1237 restituive
960 1198 993 1236 is
1021 1198 1145 1236 Acron
1173 1198 1306 1247 potest,
1335 1197 1400 1247 qui
1427 1197 1530 1236 nul-·

218 1260 279 1300 lus
307 1261 391 1301 est?
419 1283 472 1289 --
499 1262 660 1301 excussis
694 1260 866 1301 omnibus
902 1272 998 1301 saec.
1029 1260 1095 1309 IX,
1123 1260 1171 1308 X,
1214 1261 1269 1300 XI
1311 1260 1511 1309 codicibus,

219 1326 353 1375 quibus
381 1326 522 1365 scholia
548 1327 757 1366 Horatiana
783 1326 971 1376 adscripta
1008 1327 1130 1373 sunt,
1153 1326 1366 1377 colligenda
1401 1326 1513 1375 atque

219 1390 469 1441 componenda
487 1392 608 1439 erunt,
637 1403 888 1441 quaecumque
908 1403 980 1431 non
1000 1390 1039 1430 in
1054 1391 1247 1431 Scotorum
1265 1391 1512 1430 Francorum-

219 1466 290 1504 que
316 1455 416 1493 ludis
435 1456 528 1502 orta,
557 1456 623 1494 sed
649 1455 858 1505 antiquitus
886 1455 1016 1504 quovis
1043 1455 1152 1494 modo
1178 1454 1320 1493 tradita
1349 1465 1427 1493 esse
1456 1454 1513 1493 vi-

220 1518 388 1559 deantur.
416 1520 562 1558 servata
591 1519 808 1559 enimaesunt
835 1519 874 1558 in
901 1519 961 1558 his
988 1519 1117 1566 libris,
1154 1530 1248 1568 quae
1282 1518 1512 1569 Porphyrion

219 1581 260 1621 in
295 1582 372 1622 suis
398 1584 465 1622 aut
492 1595 565 1622 non
593 1583 785 1623 invene-rat
812 1584 878 1622 aut
904 1583 1154 1634 neglexerat*
1214 1583 1277 1622 Ad
1304 1583 1401 1622 hanc
1429 1594 1513 1621 sen-

218 1646 378 1686 tentiam
406 1648 503 1697 quod
531 1647 681 1695 attinet,
710 1647 881 1698 equidem
916 1647 1080 1697 primum
1113 1647 1239 1686 videre
1266 1657 1427 1696 nequeo,
1468 1657 1513 1685 ex

218 1723 293 1762 qua
319 1723 431 1752 causa
464 1712 664 1760 „Acronis“
698 1712 933 1759 scholiorum,
977 1723 1071 1762 quae
1105 1712 1144 1751 in
1186 1711 1377 1752 codicibus
1415 1722 1511 1751 saec.

218 1775 286 1821 IX,
316 1775 364 1822 X,
393 1775 446 1814 XI
477 1776 605 1823 insint,
634 1776 702 1815 illa
729 1787 827 1825 pars,
866 1787 959 1825 quae
1001 1775 1229 1825 „antiquitus
1255 1776 1399 1814 tradita
1433 1786 1513 1814 esse

218 1839 430 1888 videatur-⁸,
459 1852 530 1879 non
559 1840 641 1879 uni
677 1841 879 1891 antiquo
920 1840 1237 1892 grammatico
1277 1839 1513 1891 adsignanda

219 1904 281 1951 sit,
309 1915 395 1943 cum
422 1905 522 1943 recte
552 1904 825 1944 Schweikertus
840 1905 893 1956 1²)
920 1905 1120 1944 admoneat
1146 1905 1278 1955 negari
1305 1916 1379 1943 non
1406 1915 1513 1954 posse

224 1969 385 2015 ,certam
414 1968 453 2007 et
496 1969 685 2018 propriam
726 1968 935 2019 explicandi
974 1968 1157 2008 rationem
1198 1967 1507 2019 grammaticam⁸

218 2031 297 2071 illis
330 2032 529 2079 „Acronis“
563 2032 715 2072 scholiis
739 2032 1006 2083 „propagari“;
1036 2032 1180 2079 deinde,
1222 2043 1308 2071 cum
1350 2031 1512 2079 nullum,

219 2096 388 2146 quiante
424 2097 715 2148 Porphyrionem
757 2097 906 2137 Horatii
947 2091 1113 2136 carmiha
1140 2095 1409 2146 interpretatus
1449 2095 1511 2143 sit,

350 2268 404 2306 11)
427 2266 520 2299 Hanc
543 2267 851 2300 commentationem
879 2277 951 2300 cum
981 2267 1086 2309 ipsam
1115 2266 1199 2299 mihi
1226 2275 1341 2308 parare
1370 2275 1435 2298 non
1457 2275 1513 2307 po-

218 2321 356 2360 tuerim,
379 2330 418 2353 ea
440 2322 573 2354 tantum
595 2331 635 2354 ex
663 2321 723 2353 illa
746 2330 936 2362 cognoscere
966 2321 1071 2364 potui,
1103 2330 1185 2363 qnae
1207 2320 1245 2353 E.
1268 2319 1513 2353 Schweiker-
1532 2323 1561 2351 ’ν

218 2375 282 2406 tus
305 2374 341 2407 in
366 2374 526 2417 „epistola
548 2375 663 2407 critica
684 2373 726 2407 ad
747 2373 970 2407 Her-mannum
982 2372 1180 2407 Usenarumu
1205 2373 1311 2406 affert.

305 2429 360 2468 12)
383 2429 405 2462 1.
428 2438 454 2461 c.
478 2439 508 2470 p.
534 2431 585 2462 11.
