1772 2901
796 206 1065 246 —204

391 313 480 353 Jam
508 312 617 361 illud,
661 313 758 364 quod
800 313 840 359 in
878 313 952 354 fine
993 314 1127 367 scholii
1167 315 1226 355 ad
1261 328 1296 359 v.
1326 315 1384 355 54
1413 315 1587 369 („Osci')

278 378 442 427 positum
471 378 529 417 est
547 378 672 428 atque,
702 390 788 418 cum
816 379 922 419 nullo
949 379 1058 419 modo
1075 379 1125 419 ad
1149 391 1205 428 ea,
1234 391 1329 430 quae
1346 381 1586 429 antecedunt,

278 441 413 481 referri
432 442 561 491 possit,
591 443 672 481 sine
691 442 805 482 dubio
832 444 961 493 postea
987 443 1084 483 falso
1112 443 1152 483 111
1180 443 1302 485 10011111
1331 444 1442 484 11111111
1469 445 1586 493 venit,

279 506 334 545 sic
363 506 525 556 legitur:

278 584 318 619 y:
408 569 499 608 Isti
542 582 596 609 cu
609 582 646 608 m
689 571 944 611 convivatores
986 572 1110 611 essent
1146 572 1320 620 Horatii,
1362 573 1434 612 ioci
1475 584 1588 612 causa
1644 623 1647 625 μ
1694 558 1729 606 ''72⁷1ss

409 632 534 672 verbis
563 645 602 673 se
628 634 791 674 invicem
819 635 1045 686 fatigarunt.
1182 684 1185 686 ,

278 698 324 737 In
351 698 434 737 rell.
473 698 592 737 serius
628 697 725 738 illud
762 699 906 739 factum
935 710 1014 740 esse
1051 701 1127 739 iam
1155 701 1416 740 oblitteratum
1444 702 1503 741 est
1531 712 1585 749 eo,

468 762 565 811 quod
593 773 659 812 pro
694 762 785 809 „Isti
828 767 935 803 cum*
968 764 1083 804 verba
1116 763 1232 812 „Cum
1276 765 1425 804 autem“
1464 764 1598 815 posita,

474 827 574 874 sunt,
617 827 661 866 ut
687 839 754 877 per
782 828 941 868 formam
970 828 1121 879 quidem
1149 840 1204 876 ea,
1243 839 1337 878 quae
1366 828 1583 879 sequuntur,

476 902 561 929 cum
589 891 729 930 scholio
758 891 900 941 reliquo
920 892 1151 932 cohaereant.

845 1020 939 1059 Sat.
971 1022 1007 1059 6.

388 1106 457 1144 Ad
486 1118 555 1145 vv.
589 1107 769 1145 19-—21
803 1105 974 1157 (‚,Nam·
994 1106 1139 1158 esto“)
1169 1106 1209 1145 in
1238 1107 1312 1146 fine
1340 1108 1393 1146 sic
1421 1107 1581 1157 legitur:

277 1183 318 1220 y:
413 1169 560 1218 Quanto
589 1182 682 1217 nos,
713 1171 849 1220 inquit,
879 1171 1002 1209 minus
1030 1171 1077 1209 ad
1098 1171 1252 1211 honores
1280 1183 1474 1221 possumus
1501 1183 1586 1220 per-

409 1234 549 1282 venire,
586 1235 650 1284 qui
680 1235 793 1285 vulgo
821 1234 945 1285 ignoti
973 1247 1113 1282 sumus,
1144 1236 1176 1273 si
1204 1235 1320 1274 etiam
1349 1235 1492 1274 nobiles
1519 1246 1585 1274 no-

408 1300 539 1337 tantur
567 1311 589 1337 a
618 1300 782 1348 populo?

277 1364 361 1403 rell.
416 1367 563 1412 „n0s,“
628 1364 725 1414 quod
774 1375 923 1414 prorsus
973 1363 1222 1403 necessarium
1275 1375 1354 1403 esse
1417 1364 1584 1414 apparet,

408 1429 605 1467 omittunt.

387 1493 457 1531 Ad
486 1505 520 1532 v.
553 1494 612 1532 93
642 1493 790 1544 („nam
826 1492 864 1531 si
895 1492 988 1531 nat.
1018 1491 1109 1542 i.“):

277 1571 317 1607 y:
412 1557 456 1595 Id
477 1557 550 1596 est:
582 1557 614 1596 si
636 1558 771 1595 natura
791 1555 1020 1603 concederet,
1041 1557 1084 1594 ut
1102 1556 1270 1595 homines
1304 1556 1585 1596 renascerentur

409 1621 513 1670 (hoc
540 1620 693 1659 serius
722 1620 906 1659 illatum
922 1619 1023 1670 est).
1055 1619 1195 1668 Quodsi
1214 1620 1349 1659 natura
1372 1620 1513 1658 faceret
1530 1641 1584 1647 -—-

276 1685 360 1724 rell.
408 1686 492 1734 post
526 1685 852 1731 „renascerentur“
893 1684 1009 1732 „vel“
1042 1683 1193 1723 habent.

387 1749 514 1788 Etiam
544 1761 587 1788 ex
615 1749 769 1798 reliquis
797 1748 911 1798 primi
952 1748 1042 1787 libri
1070 1748 1197 1786 satiris
1227 1748 1406 1796 exempla,
1449 1736 1587 1797 quibus'

277 1825 418 1865 magna
438 1814 576 1853 codicis
595 1828 617 1863 y
635 1813 839 1853 auctoritas
868 1812 1056 1862 probetur,
1086 1812 1125 1850 in
1153 1812 1327 1862 promptu
1356 1812 1459 1859 sunt3
1489 1822 1583 1862 quae

278 1879 418 1926 tamen,
447 1890 494 1918 ne
522 1879 657 1929 longus
686 1878 769 1925 sim,
798 1877 1001 1927 praetereo.

386 1943 413 1982 J
419 1955 487 1982 am
502 1943 564 1982 hic
582 1943 672 1992 puto
686 1954 758 1981 non
777 1942 943 1981 alienum
964 1953 1042 1980 esse
1056 1952 1175 1990 pauca
1194 1940 1240 1979 de
1261 1940 1583 1987 „Commenta-

276 2009 403 2046 toris
432 2007 726 2056 Cruquiani“
751 2006 872 2055 pretio
891 2007 1003 2054 atque
1022 2005 1247 2044 auctoritate
1267 2004 1415 2043 addere.
1456 2004 1581 2053 Atque

276 2083 365 2112 sane
394 2071 596 2111 dolendum
624 2071 692 2118 est,
723 2070 821 2120 quod
847 2068 1090 2118 Cruquius
1118 2068 1166 2107 ad
1192 2067 1576 2115 „Commentatorem“

276 2147 385 2175 suum
428 2135 473 2173 de
509 2135 580 2174 hac
620 2146 672 2182 re,
716 2146 759 2173 ex
801 2133 935 2183 quibus
973 2132 1130 2183 ‘singula
1171 2132 1337 2171 fontibus
1366 2130 1580 2181 sumpserit,

274 2200 372 2239 nihil
402 2200 496 2239 dicit
535 2200 650 2249 atque
679 2199 747 2238 hoc
782 2198 902 2238 solum
919 2198 970 2249 2⁸)
1000 2197 1047 2236 de
1074 2196 1180 2236 illius
1215 2196 1360 2248 origine
1387 2195 1581 2235 nobiscum

274 2264 543 2311 communicat,
597 2261 970 2310 „commentaria
1013 2262 1233 2310 antiqua,
1281 2271 1334 2298 ex
1375 2259 1580 2309 scriptis

360 2393 416 2434 23)
439 2392 479 2425 cf.
502 2393 595 2425 illius
621 2392 826 2433 „Epistolam
849 2390 891 2423 ad
907 2390 1094 2424 Cornelium
1117 2388 1252 2427 filium,·‹
1277 2388 1315 2421 in
1337 2387 1452 2420 Artem
1474 2367 1580 2429 poeti-

273 2456 344 2479 cam
367 2447 602 2479 commentario
625 2445 857 2487 praepositam.
