1772 2901
754 198 1024 265 *⁶⁶-

373 305 471 354 tilli;
498 317 586 350 nam
605 307 820 349 excrimine
846 306 1151 357 Capitolinus
1178 308 1412 353 Petillius
1439 308 1540 350 dieo.

374 370 485 409 batur
513 369 558 409 de
600 370 862 420 exspoliatione
891 369 1067 420 Capitolii
1108 372 1316 413 accusatus.
1373 365 1538 421 Dubium

372 435 512 482 autem,
554 436 682 475 utrum
723 436 849 486 gratia
877 434 1043 477 iudicum
1079 436 1132 476 sit
1159 436 1371 484 absolutusz
1411 438 1538 478 tamen

373 499 604 550 Capitolinus
641 500 853 541 vocabatur.
884 521 935 531 ···-
963 500 1206 541 Petillius
1245 501 1334 542 dum
1364 500 1540 552 Capitolii

371 576 499 604 curam
524 565 684 615 gereret,
713 576 867 607 coronae
894 565 1066 606 sublatae
1092 576 1245 607 causam
1273 565 1379 614 dixit,
1408 566 1447 606 et
1472 566 1539 607 ab·

371 628 514 669 solutus
556 629 613 669 est
654 629 702 668 ab
732 629 926 680 Augusto:
982 629 1113 680 Fingit
1141 641 1180 671 se
1208 629 1311 680 loqui
1338 641 1423 671 oum
1449 641 1539 680 quo-

371 693 470 740 dam,
498 693 563 743 qui
590 694 731 734 amicus
759 694 810 733 sit
836 693 1017 734 Petilli
1043 694 1156 735 amici
1183 691 1361 736 Caesaris.

350 758 520 799 Primum
549 759 660 808 atque
690 758 943 798 secundum
969 758 1135 798 scholion
1173 759 1309 799 codicis
1337 774 1359 810 γ
1386 771 1472 800 cum
1499 760 1538 800 in

240 823 384 870 ceteris,
415 823 454 861 in
483 823 617 872 quibus
645 823 743 862 illud
771 822 948 863 mutilum
975 823 1044 870 est,
1079 823 1195 863 alium
1224 823 1345 863 locum
1373 824 1536 871 teneant,

240 888 361 940 primo
400 888 440 928 in
468 888 640 940 margine
666 887 798 930 addita
827 887 941 929 fuisse
970 887 1156 936 videntur,
1198 888 1238 928 id
1265 888 1362 940 quod
1397 888 1444 930 de
1481 901 1538 929 se-

240 954 360 994 cundo
388 954 502 994 etiam
537 964 579 992 eo
607 953 797 1002 probatur,
840 953 937 1001 quod
962 966 986 1001 γ
1020 953 1059 993 in
1100 953 1251 993 ineunte
1283 953 1531 1000 ..Petillii“

240 1027 373 1057 nomen
400 1016 565 1063 omittit5
599 1016 756 1065 accedit,
786 1016 883 1067 quod
911 1016 1024 1067 primi
1051 1016 1148 1058 illud
1182 1016 1315 1064 „amici
1343 1015 1531 1059 caesaris“

240 1094 282 1123 ex
318 1081 582 1133 Porphyrionis
616 1082 902 1134 ,absolutusque
943 1094 967 1124 a
1002 1081 1158 1122 Caesare
1199 1083 1277 1122 est·
1325 1083 1534 1125 conclusum

239 1157 319 1186 esse
360 1143 530 1193 videtum
577 1146 617 1184 in
660 1146 820 1186 secundo
861 1146 986 1186 autem
1034 1145 1256 1197 „Capitolini
1291 1169 1345 1176 —
1380 1146 1530 1189 Petilli⁸

239 1211 287 1251 ad
321 1211 477 1259 „furtis“
515 1212 749 1251 referendum
788 1223 868 1253 esse
901 1211 1089 1252 inutiliter
1125 1212 1275 1251 dicitur.
1307 1234 1355 1242 --
1394 1212 1536 1262 Quar-
1597 1233 1603 1234 ν

238 1277 338 1316 tum
374 1276 511 1316 codicis
538 1291 560 1327 y
587 1276 765 1324 scholion,
797 1276 894 1327 quod
923 1277 1037 1316 ceteri
1066 1276 1293 1327 discerptum
1308 1277 1458 1325 habent,
1487 1277 1534 1316 ad

239 1342 394 1381 verbum
421 1341 500 1381 fere
527 1341 880 1392 Porphyrionis
908 1341 996 1381 huic
1023 1341 1162 1380 scholio
1189 1341 1405 1392 respondet:

433 1407 667 1446 Petillius
695 1406 863 1458 (autem)
897 1405 1222 1457 Capitolinus,
1250 1418 1335 1447 cum
1364 1405 1539 1457 Capitolii

370 1484 500 1512 curam
528 1473 670 1524 ageret,
699 1483 853 1512 coronae
882 1472 1080 1523 subreptae
1107 1472 1153 1513 de
1178 1471 1360 1522 Capitolio
1387 1484 1538 1513 causam

370 1537 465 1577 dixit
492 1537 757 1587 absolutusque
785 1549 808 1583 a
837 1536 991 1578 Caesare
1022 1537 1089 1576 est.
1318 1585 1320 1587 ‚
1488 1571 1493 1578 .

347 1602 561 1643 Tertium
589 1603 716 1641 autem
734 1602 871 1642 codicis
890 1617 912 1652 γ
930 1602 1096 1642 scholion
1123 1614 1189 1653 per
1205 1603 1335 1647 ,totam
1364 1603 1536 1643 naturam

240 1679 346 1708 suam
388 1668 437 1708 ad
478 1668 625 1718 tempus
666 1668 862 1719 antiquum
906 1668 1073 1718 spectare
1107 1666 1266 1715 videtur,
1308 1678 1407 1716 cum,
1439 1668 1538 1719 quod

240 1734 378 1773 dicitur
411 1733 602 1781 „dubium
630 1734 758 1771 utrum
784 1733 909 1783 gratia
937 1732 1104 1771 iudicum
1131 1732 1184 1771 sit
1209 1732 1437 1780 absolutus‚“
1470 1733 1538 1772 hoc

242 1798 302 1837 vix
344 1798 392 1837 ab
421 1797 569 1843 homine
611 1796 786 1847 temporis
815 1795 1029 1847 posterioris
1066 1796 1273 1846 profectum
1302 1807 1381 1835 esse
1408 1796 1536 1846 possit,

240 1874 349 1913 quem
390 1862 541 1912 quidem
584 1862 650 1901 aut
677 1862 969 1912 Porphyrionem
1011 1861 1225 1901 secuturum
1267 1862 1334 1905 aut
1368 1861 1464 1900 nihil
1491 1862 1537 1901 de

240 1938 351 1967 causa
393 1926 637 1972 absolutionis
672 1926 890 1967 additurum
919 1926 1035 1966 fuisse
1063 1925 1233 1976 equidem
1260 1926 1370 1977 puto3
1411 1926 1535 1977 atque,

239 1992 336 2043 quod
363 1992 459 2032 illud
488 1992 610 2043 ipsum
636 2004 657 2031 a
676 1992 941 2043 Porphyrionis
968 1991 1108 2031 scholio
1134 1983 1322 2038 dissentit,
1350 1990 1463 2031 facile
1489 1991 1536 2031 de

238 2059 319 2098 tam
347 2070 463 2108 parva
489 2058 558 2098 illa
586 2058 731 2097 Petillii
767 2069 879 2097 causa
915 2057 991 2098 iam
1016 2056 1172 2107 antiquo
1198 2057 1364 2107 tempore
1392 2049 1535 2097 diverse

238 2123 422 2167 traditum
465 2123 580 2163 fuisse
607 2124 739 2176 potest.
797 2122 918 2173 Quam
954 2123 999 2163 ob
1027 2135 1106 2166 rem
1145 2133 1196 2162 ex
1224 2122 1326 2172 ipso
1353 2122 1536 2162 Acrone

238 2190 336 2228 hanc
355 2188 639 2239 explicationem
658 2187 832 2234 haustam
856 2199 936 2227 esse
963 2187 1145 2227 existimo.
1203 2185 1301 2226 Sane
1328 2186 1376 2226 ad
1403 2186 1482 2227 Sat.
1502 2186 1532 2236 1,

243 2254 305 2301 10,
335 2253 387 2293 28
414 2254 455 2292 in
484 2252 635 2293 scholiis
668 2252 934 2301 „Acronianis“
967 2252 1129 2302 positum
1158 2252 1235 2291 est:

434 2318 613 2357 Aliter:
670 2318 715 2356 Id
749 2313 825 2357 est:
868 2316 1015 2367 quando
1043 2347 1052 2357 .
1084 2347 1092 2355 .
1124 2346 1133 2355 .
1165 2345 1173 2354 .
1205 2345 1213 2354 .
1245 2346 1253 2355 .
1285 2345 1297 2376 2
1326 2344 1336 2355 .
1364 2315 1534 2357 defendis

368 2383 646 2422 Petillium?
687 2382 883 2422 Petillium
910 2382 1008 2421 hunc
1037 2380 1160 2420 dixit
1187 2380 1405 2431 superius
1432 2392 1533 2432 θοι-,ογ
1597 2422 1599 2424 ,

368 2460 456 2488 nam
495 2449 662 2498 rapuisse
704 2448 750 2487 de
786 2437 985 2498 Capitoli03
1028 2447 1093 2496 qui
1132 2446 1301 2497 quamvis
1341 2446 1535 2488 absolutus
