1772 2901
377 1 393 20 ι
478 0 1094 38 ”4Ὕν»ῑ”[εῑᾛ”π”·τε
1106 19 1114 25 .
1133 26 1145 28 ,Δ
1156 6 1160 12 ⁴
1204 19 1207 22 -

759 200 1001 239 -2-

224 306 277 354 id,
306 305 405 356 quod
423 306 638 356 probavero,
667 305 856 357 dicuntur,
884 307 1324 358 percurram37deinde
1351 318 1395 347 ex
1420 307 1527 348 scho-

224 370 301 419 liis,
329 381 423 421 quae
449 370 500 410 ad
518 370 681 421 quinque
697 369 838 421 priores
855 370 970 422 primi
987 371 1076 411 libri
1102 371 1238 412 satiras
1255 371 1398 422 scripta
1424 372 1525 417 sunt,

224 434 365 474 selecta
391 435 505 485 atque
532 445 588 482 ea,
616 446 710 484 quae
736 435 889 474 maioris
907 435 1003 474 mihi
1020 434 1218 475 videantur
1235 435 1416 475 momenti
1432 446 1526 484 esse,

224 498 414 546 tractab03
449 498 498 538 in
532 497 634 539 fine
661 498 820 551 denique
853 511 917 549 ea,
950 511 1043 551 quae
1070 510 1114 540 ex
1140 499 1274 543 horum
1298 499 1528 543 scholiorum

223 563 437 615 cognitione
464 563 511 604 de
538 563 711 603 universo
737 564 998 604 commentarii
1029 564 1276 613 „Acroniani⁸
1304 573 1441 616 genero
1466 558 1527 605 at-

226 639 297 679 que
324 628 461 668 natura
479 627 574 669 mihi
593 627 699 678 sequi
717 627 928 676 videantur,
957 628 1176 669 summatim
1202 640 1416 680 proponam.

679 1034 836 1096 Pars
880 1034 1070 1109 prior.

334 1172 536 1223 Quaeritur
563 1173 622 1222 et,
660 1172 726 1224 qui
762 1172 911 1213 omnino
938 1172 1081 1213 fuerint
1111 1172 1264 1213 Horatii
1290 1172 1525 1222 scholiastae,

224 1239 276 1286 et,
305 1249 348 1277 ex
376 1238 538 1277 fontium
566 1236 790 1277 auctoritate
822 1237 971 1278 idemne
1004 1237 1204 1285 ,Acronis·
1236 1238 1349 1287 atque
1375 1237 1527 1281 Helenii

224 1300 383 1343 Acronis
411 1301 701 1343 commentarius
729 1300 913 1341 videatur.

755 1485 924 1551 Caput
960 1485 999 1537 Ι.

280 1610 558 1663 Quaeritur,
595 1610 676 1662 qui
702 1610 897 1651 fuerint
923 1609 1124 1651 Horatii
1152 1609 1471 1651 scholiastae.

335 1718 409 1768 Qui
435 1719 577 1758 fuerint
612 1717 764 1758 Horatii
791 1717 1027 1764 scholiastae,
1055 1717 1264 1768 complures
1291 1717 1409 1765 nobis,
1437 1727 1529 1768 qua-

224 1783 281 1824 les
307 1784 349 1823 in
376 1783 520 1834 aliquot
555 1782 661 1822 illius
696 1783 912 1833 poematum
945 1781 1135 1823 codicibus
1171 1781 1438 1833 manuscriptis
1469 1782 1529 1823 vle·-

224 1848 379 1898 guntur,
409 1847 546 1886 vitae
563 1847 763 1885 Horatii
788 1847 957 1885 tradunt.
987 1846 1088 1894 Quas
1112 1846 1349 1886 consulamus
1367 1848 1418 1894 et,
1437 1858 1528 1897 qua-

224 1912 335 1965 tenus
361 1911 455 1951 fides
482 1910 563 1951 illis
590 1910 763 1954 habenda
791 1910 854 1960 sit,
882 1911 1091 1962 probemus.
1494 1963 1498 1966 .

333 1977 462 2016 Duae
489 1976 610 2027 igitur
651 1976 784 2015 vitae
826 1975 986 2015 maxime
1027 1975 1126 2016 inter
1166 1976 1310 2015 ceteras
1345 1975 1529 2015 notandae

225 2041 326 2089 sunt,
355 2051 513 2091 quarum
532 2040 753 2088 alteram,
787 2051 852 2088 „ex
877 2040 1025 2081 vetusto
1043 2039 1202 2091 quodam
1221 2039 1444 2091 exemplari‘
1466 2039 1531 2083 vel

230 2117 297 2154 ‚ex
324 2105 477 2156 antiquo
505 2105 653 2145 codice*¹
697 2106 909 2155 sumptam,
946 2104 1083 2146 Mich.
1113 2104 1355 2144 Bentinus
1382 2104 1423 2144 in
1449 2104 1530 2144 edi-

224 2170 326 2209 tione
353 2169 504 2209 Horatii
531 2169 741 2210 Basileensi
768 2180 802 2208 a.
823 2168 1051 2208 MDXXVII
1069 2167 1255 2220 vulgavit,
1284 2168 1445 2209 altera
1470 2179 1530 2209 se-

225 2234 392 2275 eundum
419 2234 520 2274 inter
544 2234 625 2273 tres
652 2233 754 2281 inas,
782 2244 876 2283 quae
903 2233 945 2272 in
978 2232 1147 2280 „vetusto
1182 2232 1306 2273 codiee
1332 2233 1531 2274 mandi-

224 2298 324 2339 nio‘
356 2298 594 2350 legebantur,
622 2297 745 2338 locum
764 2297 918 2337 tenebat
944 2297 1056 2348 atque
1074 2308 1098 2337 a
1124 2296 1152 2338 J
1159 2308 1222 2337 ac.
1251 2295 1462 2348 Cruquio
1488 2297 1531 2339 in

231 2363 492 2426 ‚appendit-e*
525 2362 701 2402 editionis
736 2362 965 2403 Horatianae
992 2374 1027 2402 a.
1056 2361 1223 2402 MDCXI
1248 2374 1285 2412 p.
1315 2363 1395 2403 697
1421 2363 1531 2404 offen-

224 2427 300 2466 tur.
330 2427 498 2476 Quarum
525 2426 595 2466 illa
621 2427 691 2467 hoc
717 2426 758 2466 in
785 2426 859 2467 fine
885 2426 1060 2477 praebet:
