1772 2901
761 198 1034 236 -.21-.„

190 287 195 291 ,
243 282 508 363 praecipue
536 302 834 351 Blandiana,
870 314 915 343 se
950 303 1222 357 collegisse
1247 305 1540 355 atquecoad-

240 366 514 421 unavisseg‘
532 382 534 384 ·
554 367 625 411 hac
663 367 763 411 enim
798 367 844 407 de
885 374 1010 416 causa,
1049 379 1133 409 mea
1161 368 1311 418 quidem
1341 368 1538 418 sententia,

237 442 301 479 ea,
328 430 462 482 quibus
496 429 818 479 „Commentator‘
851 430 918 470 ille
945 442 968 471 3
1009 431 1146 472 nostris
1187 432 1412 471 scholiorum
1441 432 1541 472 codi-

175 515 180 519 1
243 496 347 539 cibus
389 495 519 549 ffiSssassn
561 506 656 546 quae
693 494 841 545 quidem
880 495 1044 545 plurima
1081 496 1181 543 sunt,
1225 491 1264 535 in
1305 497 1541 547 recensendis

242 559 357 609 atque
385 558 627 598 emendandis
640 553 820 608 scholiis,
856 559 1054 609 praecipue
1088 559 1366 607 „Acronianis‚“
1399 560 1540 599 nullius

242 623 323 670 fere
349 621 461 673 pretii
501 634 580 662 esse
607 623 780 673 possunt;
821 634 933 674 quam
972 616 1019 662 ob
1054 634 1133 662 rem
1175 623 1348 673 equidem
1391 635 1540 674 prorsus

241 690 328 737 ‘eum
356 688 569 740 neglegam,
598 687 761 738 exceptis
783 688 977 739 perpaucis
1004 688 1109 736 locis,
1138 688 1204 728 ubi
1230 689 1270 727 in
1299 689 1365 728 illo
1392 689 1541 739 potissi-

240 762 346 797 mum
374 752 538 803 genuina
567 752 700 792 scholii
726 752 846 792 forma
873 749 1022 793 servata
1050 764 1129 792 esse
1157 752 1317 792 videtur.

807 859 903 899 Sat.
946 861 980 898 1.

352 944 451 988 Ante
493 946 658 995 ipsarum
700 945 902 985 satirarum
943 946 1226 996 explicationem
1261 947 1302 985 in
1333 947 1535 995 ¹‚Acronis“

243 1008 432 1049 codicibus
453 1010 635 1059 quaedam
655 1010 776 1059 posita
805 1011 905 1057 sunt,
935 1010 976 1049 in
999 1010 1133 1060 quibus
1154 1022 1239 1049 cum
1267 1011 1308 1049 in
1326 1012 1541 1050 universum

244 1073 294 1112 de
336 1073 522 1113 satirae
563 1075 748 1113 nomine
789 1075 935 1125 atque
964 1075 1154 1114 natura
1182 1075 1264 1113 tum
1293 1074 1346 1114 de
1368 1075 1541 1114 -satira

241 1134 510 1177 Horatiana
539 1139 684 1189 agitur3
712 1140 803 1178 haec
831 1139 885 1178 sic
913 1139 1111 1189 leguntur:

440 1202 717 1242 Sermonum
759 1203 849 1242 libri
890 1203 974 1242 ideo
1017 1203 1128 1250 dicti,
1176 1204 1264 1253 quia
1304 1203 1399 1242 vili
1440 1214 1542 1242 ser-

372 1279 503 1306 mone
537 1268 661 1316 potius
698 1279 807 1317 quam
843 1268 1071 1315 tumenti,
1115 1267 1192 1307 sive
1233 1269 1296 1317 qui
1324 1268 1372 1306 ad
1400 1278 1542 1317 prae-

374 1332 533 1370 sentes
561 1332 786 1371 scribuntur.
843 1332 1088 1382 Epistolis
1117 1331 1217 1370 enim
1247 1332 1296 1370 ad
1315 1332 1541 1370 absentes

373 1396 570 1446 loquimur,
600 1408 820 1436 sermone
849 1408 934 1436 cum
960 1397 1319 1447 praesentibus.
1363 1396 1541 1445 Quamvis

373 1460 492 1511 igitur
521 1461 589 1500 hoc
625 1472 715 1510 opus
745 1461 962 1504 Satiram
987 1472 1066 1500 esse
1093 1461 1318 1500 Horatius
1352 1461 1430 1510 ipse
1458 1472 1543 1510 pro-

373 1524 537 1573 fiteatur,
566 1537 652 1564 cum
682 1525 738 1565 ait
767 1525 820 1577 (S.
851 1525 902 1573 ΙΙ,
935 1527 969 1573 1,
1002 1525 1063 1577 1):
1122 1525 1218 1565 Sunt
1237 1525 1370 1575 quibus
1398 1525 1437 1563 in
1466 1536 1543 1564 sa-

374 1588 473 1627 tira
500 1589 630 1628 videar
657 1589 771 1628 nimis
799 1600 884 1628 acer
912 1590 950 1628 et
977 1589 1078 1627 ultra
1106 1590 1230 1639 legem
1258 1589 1410 1628 tendere
1438 1601 1540 1637 opus,

372 1653 501 1691 tamen
534 1652 700 1703 proprios
742 1652 875 1692 titulos
912 1652 1031 1692 voluit
1072 1653 1107 1692 ei
1148 1653 1431 1700 accommodari,
1474 1653 1541 1692 hos

371 1717 511 1766 priores
539 1717 654 1757 libros
674 1717 765 1757 duos
784 1717 1017 1764 Sermonum,
1044 1718 1264 1767 posteriores
1284 1717 1540 1766 Epistolarum

373 1781 549 1821 scribens.
608 1781 773 1821 Satira
816 1781 954 1821 dieitur
994 1781 1114 1822 lancis
1157 1793 1275 1833 genus
1316 1781 1479 1821 tractum
1519 1792 1542 1821 a

372 1846 482 1885 choro
500 1846 628 1889 Liberi
646 1847 777 1896 patris,
806 1847 869 1896 qui
889 1847 946 1885 est
963 1846 1136 1885 minister
1159 1846 1239 1886 vini
1267 1847 1305 1885 et
1331 1847 1538 1896 epularum.

373 1910 499 1950 Satira
540 1911 650 1950 istius
690 1911 790 1950 inter
818 1910 997 1950 Lucilii
1038 1911 1194 1950 satiram
1236 1911 1293 1950 est
1335 1912 1372 1949 et
1399 1911 1425 1951 J
1431 1922 1540 1950 uve-

372 1975 526 2022 nalis3
555 1987 641 2023 nam
663 1976 701 2014 et
727 1976 969 2024 asperitatem
997 1975 1123 2022 habet,
1152 1975 1472 2026 quaanuciliuffi
1501 1976 1540 2013 et

372 2039 610 2086 suavitatem,
639 2050 750 2088 quam
778 2038 987 2085 Juvenalis,
1016 2039 1173 2077 mixtam
1201 2039 1241 2077 in
1269 2051 1333 2077 suo
1361 2039 1537 2077 carmine.

372 2102 542 2152 Denique
578 2102 652 2141 nisi
679 2102 875 2142 Juvenalis
917 2103 1137 2152 scripsisset,
1181 2103 1253 2141 isto
1293 2114 1400 2141 nemo
1441 2103 1547 2156 esset

372 2166 516 2206 melior.
572 2166 714 2206 Verum
740 2167 869 2206 tamen
898 2166 1092 2207 sciendum
1119 2167 1189 2215 est,
1225 2166 1311 2217 quia
1340 2166 1540 2206 satirarum

371 2243 523 2271 carmen
562 2244 585 2270 a
619 2232 740 2281 primo
781 2232 949 2271 omnium
990 2233 1139 2271 auctore
1166 2232 1312 2271 Lucilio
1349 2233 1537 2281 repertum

374 2296 441 2335 est.
498 2296 671 2346 Plerique
700 2296 901 2336 satiram
928 2307 952 2335 a
975 2296 1095 2344 lance,
1124 2307 1219 2346 quae
1245 2296 1355 2346 plena
1380 2295 1538 2337 diversis

372 2361 545 2412 frugibus
573 2361 613 2399 in
640 2361 782 2411 templo
811 2360 954 2400 Cereris
990 2361 1162 2408 refertur,
1192 2373 1324 2400 nomen
1352 2360 1538 2410 accepisse

372 2425 518 2471 dicunt3
561 2436 650 2464 nam
677 2426 715 2464 et
749 2436 792 2464 ea
819 2425 888 2464 hoc
915 2425 1064 2464 nomine
1091 2424 1314 2475 appellatur.
1371 2425 1472 2475 Ergo
1500 2425 1538 2464 et
