1772 2901
229 325 417 375 primae
444 325 629 364 satirae
655 335 726 364 vv:
750 326 852 364 101.
905 324 1001 365 102
1035 325 1194 372 exstant,
1236 324 1388 366 scholiis
1429 325 1539 366 iudi-'
1603 366 1613 380 ῃ

230 388 392 430 eandum
421 390 499 436 est:
521 388 574 430 de
601 389 736 440 quibus
763 389 1013 438 eonferant‘ur,
1028 388 1154 440 quae
1173 388 1317 430 ibidem
1341 384 1430 430 «Exi.
1476 404 1480 413 ·

339 475 417 513 Ad.
448 487 482 515 v.
516 450 594 514 1:30
620 474 722 525 apud
756 461 898 523 ¹‚Aer-'o
914 470 1038 516 nem*
1069 465 1252 527 legimus}
1285 473 1305 480 ‘'
1376 479 1379 480 ’
1576 533 1578 536 .

428 541 482 579 ut
508 539 719 580 Alfenus
738 552 773 580 v.
802 551 836 580 o.
873 539 977 580 Abi.
1013 539 1150 580 instr.
1183 539 1320 581 artis.
1375 537 1527 582 Urbane

360 604 453 644 satis
486 603 712 651 Alfenum
747 604 920 643 Varum
958 603 1340 645 Cremonensem*
1364 604 1525 656 deridet,
1584 600 1609 659 3]

364 669 439 719 qni,
468 667 614 709 abiecta
628 668 788 708 *sutrina
801 669 867 718 ³⁷),
923 679 1034 718 quam
1069 669 1110 707 in
1137 667 1341 720 municipio
1376 680 1442 709 suo
1465 664 1527 709 ὀὶ-

360 733 539 779 ercuerat,
567 732 725 772 Romam
755 732 860 772 venit
886 723 1139 784 magistroque
1170 743 1257 772 usus
1285 723 1454 782 Sulpicio
1466 732 1526 788 iu-

357 797 579 837 n'seonsulto
605 796 656 837 ad
682 797 827 837 tantam
855 796 1026 847 pervenit
1049 793 1259 843 seientiam,
1288 796 1332 835 ut
1365 790 1406 836 et
1420 821 1424 825 ,
1440 795 1545 836 eo‘n-·

364 860 528 900 sulatum
556 862 704 912 gereret
731 862 770 901 et
788 860 938 912 publico
956 861 1086 900 funere
1110 860 1312 906 efferretur.
1342 851 1526 902 Aliter:

366 926 587 973 Alfenus,
616 927 751 966 sutoris
779 926 892 974 filius,
921 926 985 976 qui
1012 926 1068 966 ita
1096 926 1188 966 iuris
1207 925 1330 966 studio
1348 920 1523 974 intendit,
1545 940 1547 942 ·

357 992 400 1031 ut
427 990 605 1030 beneficio
632 991 726 1029 artis
753 991 864 1030 huius
890 991 1011 1030 latum
1040 990 1189 1029 clavum
1218 992 1382 1029 sumeret
1408 991 1447 1029 et
1475 989 1523 1030 a‘d

358 1054 590 1095 consularem
618 1055 858 1106 consurgeret
876 1054 1116 1106 dignitatem.
1173 1053 1280 1101 Sunt,
1314 1053 1379 1105 qui
1397 1054 1526 1094 dicant

358 1120 455 1159 huno
498 1118 781 1159 Cremonensem
821 1119 948 1158 fuisse.
1005 1119 1097 1158 Vas
1104 1130 1151 1158 er
1190 1120 1319 1163 autem
1364 1119 1522 1167 astutus,

357 1183 539 1223 cordatus.
598 1183 806 1235 Antiqui
835 1183 950 1223 etiam
969 1195 1034 1234 pro
1062 1183 1155 1224 bono
1185 1184 1252 1223 hoe
1267 1183 1453 1223 dicebant.

336 1249 479 1288 Horum
506 1248 730 1288 scholiorum
756 1244 957 1299 primum
985 1248 1035 1288 ad
1062 1246 1218 1289 verbum'
1247 1249 1323 1287 fere
1350 1248 1399 1287 ad
1430 1249 1525 1288 Por-

226 1313 443 1364 phyrionem
470 1314 627 1363 spectat,
654 1313 754 1364 apud
782 1325 891 1363 quem
920 1313 1079 1364 legitur:

421 1390 474 1428 ut
515 1388 721 1429 Alfenus
772 1389 905 1429 vafer
950 1401 981 1428 o.
1025 1401 1058 1428 a.
1101 1388 1125 1427 i.
1168 1400 1202 1428 a.
1245 1401 1276 1427 c.
1319 1388 1347 1429 t.
1394 1390 1526 1429 sutor

357 1452 476 1492 erat.
534 1453 608 1500 Sic,
638 1453 774 1504 inquit,
802 1453 948 1493 Stoicus
975 1454 1014 1491 et
1041 1465 1105 1492 rex
1145 1454 1183 1492 et
1223 1453 1407 1503 quidquid
1449 1454 1550 1502 sibi'

356 1517 547 1570 adsignat,
585 1518 628 1560 ut
654 1517 735 1565 alii,
776 1519 898 1568 potest
936 1518 1025 1565 diei,
1068 1518 1112 1557 ut
1153 1518 1364 1557 Alfenus
1410 1518 1523 1567 sutor,

356 1583 527 1632 quamvis
572 1583 768 1623 tabernam
803 1583 981 1623 clauserit
1025 1584 1062 1622 et
1090 1594 1198 1622 omne
1233 1582 1524 1622 instrumentum

356 1647 521 1688 sutrinae
550 1648 773 1688 vendiderit.
830 1647 982 1689 Urbane
1009 1648 1135 1688 autem
1170 1647 1395 1687 Alfenum
1430 1647 1546 1687 Va-‘

355 1723 455 1751 rum
484 1711 766 1751 Cremonensem
796 1712 952 1760 deridet,
971 1712 1036 1762 qui
1063 1712 1208 1751 abiecta
1226 1711 1384 1758 sutrina,
1412 1723 1524 1762 quam
1586 1758 1588 1760 v

355 1777 395 1815 in
424 1775 628 1827 municipio
646 1788 712 1817 suo
739 1777 962 1824 exercuerat,
999 1776 1155 1816 Romam
1189 1776 1300 1826 petiit
1325 1773 1525 1828 magistro-

354 1853 425 1892 que
453 1853 541 1881 usus
569 1841 733 1892 Sulpicio
760 1841 852 1882 iuris
879 1841 1047 1882 consulto
1073 1840 1123 1881 ad
1149 1841 1299 1880 tantum
1340 1840 1521 1890 pervenit.

354 1907 398 1946 ut
424 1906 659 1947 consulatum
685 1907 834 1958 gereret
860 1907 899 1947 et
925 1906 1075 1957 publico
1103 1907 1234 1946 funere
1261 1906 1469 1952 efferretur.

333 1971 465 2022 Itaque
492 1971 532 2010 in
560 1971 716 2012 dubium
745 1971 869 2012 vocari
898 1983 971 2012 non
1005 1972 1139 2023 potest,
1180 1970 1272 2021 quin
1317 1982 1367 2009 ex
1408 1971 1523 2010 Por-

224 2035 461 2087 phyrione
489 2035 586 2075 illud
614 2036 841 2076 translatum
869 2036 932 2076 sit,

313 2220 370 2260 37)
392 2219 546 2253 Formam
568 2219 761 2252 femininam
784 2219 888 2261 posui,
911 2228 976 2251 non
1006 2219 1184 2257 ..sutrino“
1223 2225 1305 2251 eum
1328 2216 1522 2256 matham,

224 2273 429 2318 quodillnm
452 2282 565 2307 omnes
586 2274 623 2307 et
647 2272 820 2312 ..Aer-onis·
847 2274 882 2306 et
903 2271 1137 2315 Porphyrionis
1158 2271 1284 2305 codices
1298 2269 1438 2310 habenta·
1456 2269 1523 2304 nisi
1588 2284 1595 2294 =

224 2327 311 2372 quod
333 2328 369 2361 in
390 2340 415 2371 r
436 2338 494 2371 pro
513 2330 650 2372 ΑΜ·
673 2326 796 2371 „quod·
814 2329 850 2360 et
871 2326 908 2361 in
931 2330 984 2371 Βφ
1009 2325 1157 2366 „abiecto
1178 2325 1317 2365 sutrino,
1340 2322 1444 2368 quod“
1474 2324 1521 2358 10·

224 2384 327 2424 gitur,
349 2392 487 2426 quornm
510 2381 595 2430 illud
618 2381 721 2429 facile
738 2391 777 2415 ex
798 2392 905 2416 err-m
925 2381 1055 2414 librarii
1077 2380 1213 2419 factum,
1235 2380 1295 2430 hoc
1315 2381 1448 2421 propter
1469 2388 1521 2411 eo·

224 2435 333 2470 dicum
355 2440 408 2480 B<p
429 2438 581 2470 naturam
604 2435 729 2469 nullius
750 2436 910 2470 momenti
932 2445 1001 2469 esse
1024 2437 1145 2478 potest.
