1772 2901
704 241 866 280 ...327
919 236 974 271 ς.

263 348 385 388 Ad
404 360 440 387 v
463 347 552 387 8,.8
563 347 783 395 Acron·
795 347 866 388 hoe
885 348 1060 397 exhibet:

281 415 290 463 ξ
341 438 369 448 „-
359 412 471 452 Aa
479 412 532 452 si
559 423 692 464 cogn.
733 410 993 458 Sensuise'et·
1046 412 1110 453 An
1138 412 1385 464 sicogmtos,
1407 423 1498 463 quos

201 503 210 513 ,
326 476 418 516 txbi
427 476 638 528 gratuitos
657 477 804 516 natura
844 477 1026 518 euneeesit
1065 477 1235 525 amieos,
1259 477 1496 517 humanitate

325 540 400 580 tibi
438 540 662 583 devinxeris
702 540 769 580 ita
796 539 940 586 videris
979 552 1127 592 operam
1155 540 1322 602 perdere,
1363 540 1410 579 ut
1434 540 1499 591 qui

328 604 438 656 asine-
459 604 566 645 velut
602 604 694 655 equo
716 604 805 644 vult
831 604 917 644 nti?
968 604 1040 644 Do
1055 605 1162 644 asino
1192 604 1321 644 antem
1347 615 1499 655 prover-‚-

317 668 426 709 'biale
451 668 523 709 est.
577 667 764 709 Aliter:
791 668 833 708 at
845 668 895 708 si
904 668 1000 709 velis
1017 668 1142 720 aliquo
1161 668 1349 719 obsequio,
1371 669 1497 720 aliqua

295 765 297 767 .
326 731 548 773 sedulitate
556 732 752 773 conciliare
779 732 853 772 tibi
879 732 1012 775 affines
1039 734 1136 781 tuos,
1177 733 1304 783 perdis
1331 744 1494 782 operam,

328 797 427 837 sicut
454 795 579 848 perdit
604 807 768 846 operam,
794 796 862 847 qui
888 795 974 851 vnlt
1002 796 1133 836 docere
1160 796 1308 836 asinum
1337 808 1496 836 currere.

326 861 428 901 Nam
463 861 622 911 quiin
649 872 760 900 eursu
801 861 948 900 exercet
978 861 1139 908 asinum,
1181 861 1307 911 perdit
1334 873 1496 911 operam,

329 925 419 976 quia
446 923 670 965 exercendus
710 935 838 974 equus.
867 945 921 953 —
936 923 1058 964 *Siout
1073 924 1210 974 perdit
1236 936 1397 974 operam,
1434 924 1500 975 qui

329 989 412 1029 vult
452 990 601 1028 asinum
629 987 766 1027 frenis-
780 998 925 1038 regere,
967 989 1016 1027 ut
1051 988 1133 1028 vice
1172 988 1260 1038 equi
1286 988 1497 1039 iungatur,

327 1053 383 1093 ita
422 1053 538 1092 etiam
579 1052 704 1103 perdit
731 1051 911 1099 studium,
953 1052 1018 1102 qui
1045 1052 1126 1091 sine
1167 1052 1292 1102 aliquo
1320 1051 1498 1091 beneficio

328 1118 469 1158 amieos
483 1117 556 1157 sibi
577 1116 661 1157 vult
674 1116 847 1156 retinere.
877 1116 1014 1156 nullo
1028 1117 1120 1156 nat.
1145 1116 1307 1156 labore
1334 1127 1373 1165 q.
1394 1116 1496 1156 t.·d.

330 1182 427 1231 Quia
461 1181 566 1220 nullo
598 1182 728 1221 ‘nostro
755 1181 892 1228 labore,
929 1181 1036 1220 nulla
1065 1181 1252 1220 industria
1280 1182 1386 1221 nobis
1432 1193 1500 1220 na-

329 1247 485 1289 scuntur
511 1245 721 1296 propinqui.
754 1277 757 1280 ,

305 1310 510 1350 Primum
556 1310 604 1349 ad
644 1309 755 1349 huius
804 1309 936 1349 scholii
982 1311 1356 1357 ¹„recensionem”
1400 1309 1499 1359 quod

146 1358 149 1361 .
198 1375 347 1423 attinet,
376 1374 604 1414 Hauthalius
633 1375 672 1413 in
700 1374 877 1414 lemmate
905 1375 944 1413 et
974 1374 1015 1413 in
1051 1373 1171 1424 primo
1200 1374 1338 1414 scholio
1366 1385 1451 1413 eum
1478 1387 1501 1424 γ

186 1439 239 1490 -(a
277 1439 440 1479 secunda
479 1438 611 1489 manu)
645 1438 750 1485 „At“
789 1437 960 1487 scripsit3
1003 1438 1080 1484 sed,
1123 1449 1206 1477 eum
1248 1452 1271 1487 γ
1311 1449 1334 1476 a
1377 1437 1500 1487 prima

197 1515 312 1544 manu
345 1503 402 1551 „A
412 1506 458 1542 η’*
492 1503 629 1542 habeat
657 1503 769 1552 atque
796 1503 865 1542 hoc
900 1502 1004 1541 idem
1031 1503 1069 1542 et
1103 1502 1143 1541 in
1171 1502 1325 1553 optimis
1351 1501 1501 1541 Horatii

200 1567 389 1607 codicibus
413 1567 560 1616 praeter
583 1581 616 1616 γ,
645 1566 712 1605 ubi
735 1566 843 1613 „Ae“
868 1567 1002 1614 exstat,
1031 1567 1070 1605 et
1088 1566 1190 1616 apud
1208 1565 1501 1624 Porphyrionem

199 1631 362 1685 legatur,
403 1630 575 1683 equidem
616 1631 696 1672 sine
737 1631 818 1673 ulla
859 1630 1092 1672 dubitatione
1135 1631 1189 1680 ,A
1202 1634 1248 1671 n“
1290 1630 1500 1683 ponendum

201 1697 383 1748 existimo,
411 1697 508 1746 quod
534 1696 687 1745 quidem
714 1697 753 1734 et
779 1697 880 1745 apud
904 1696 1105 1734 Horatium
1131 1697 1323 1734 meliorem
1353 1697 1502 1735 senten-

194 1760 341 1803 tiarum
368 1772 572 1801 connexum
590 1761 766 1811 praebere
792 1760 942 1801 videtur
957 1761 1009 1812 ²⁷)
1045 1761 1083 1800 et
1110 1761 1159 1801 ad
1186 1761 1259 1800 loci
1286 1760 1501 1812 explicatio-

290 1890 345 1932 27)
371 1888 462 1928 ‚At'‘
488 1890 577 1922 enim
610 1889 639 1922 si
672 1889 824 1931 legimus,
858 1898 910 1923 vv,
934 1889 1063 1922 88-91
1087 1889 1180 1922 nulla
1202 1889 1270 1922 alia
1292 1889 1370 1929 nisi,
1403 1899 1501 1932 quam

202 1943 566 1985 Dillenburgerus
598 1944 636 1975 in
665 1942 812 1977 editione
834 1943 968 1976 Horatii
998 1944 1159 1985 sequitur,
1193 1944 1322 1976 ratione
1346 1944 1502 1985 explicari

202 1997 287 2030 mihi
308 2007 401 2039 posse
422 1996 577 2030 videntur
584 2011 594 2036 ;
616 1996 791 2030 seeundum
813 1996 896 2037 hanc
919 1999 1030 2029 autem
1053 1996 1137 2029 illud
1159 1998 1277 2039 ipsum,
1301 1996 1386 2040 quod
1409 1999 1502 2030 ante-

203 2050 302 2091 cedit,
327 2061 441 2091 „nemo
456 2053 604 2094 praestat
620 2051 686 2084 tibi
701 2055 874 2090 amorem‚¹⁴
889 2051 1072 2093 significari
1093 2050 1162 2083 illis
1186 2050 1333 2084 versibus
1355 2052 1503 2093 apparet,

202 2107 304 2149 atque
336 2106 525 2139 coniunctio
551 2105 633 2144 ,ΑΗ
658 2097 730 2138 meo
752 2104 884 2148 quidem
913 2104 1034 2138 indicio
1057 2114 1186 2147 prorsus
1209 2105 1371 2137 inusitate
1393 2098 1503 2146 po'sita

66 2136 120 2165 ἐ
148 2191 151 2193 μ
203 2160 272 2205 933
297 2159 393 2198 „Aw‘
419 2161 531 2193 autem
563 2160 593 2204 ,ἡ
614 2160 776 2201 ponimus,
811 2159 982 2201 aptissime
1005 2169 1116 2192 versus
1150 2159 1203 2191 illi
1226 2158 1269 2192 ad
1290 2159 1380 2197 haec,
1419 2168 1503 2201 quae

202 2212 421 2248 antecedunt:
447 2223 562 2256 „quem
583 2214 642 2255 (sc.
665 2213 821 2255 amorem)
843 2222 909 2246 non
930 2213 1103 2246 merearis-1⁸
1130 2222 1150 2245 a
1172 2214 1270 2255 poeta
1291 2212 1391 2245 relati
1412 2214 1502 2250 sunt,

203 2266 308 2312 itant
322 2277 421 2301 avaro
437 2266 547 2301 dicat:
595 2259 674 2306 ¹,A‘n
696 2267 841 2309 potius
864 2266 1021 2306 credis,
1050 2266 1078 2299 si
1101 2276 1199 2309 quam
1214 2276 1345 2309 operam
1367 2265 1409 2299 ad
1430 2275 1505 2309 pro-

202 2321 400 2364 pinguorum
415 2322 468 2354 vel
484 2322 660 2354 amicorum
674 2321 951 2359 benevolentiam,
974 2330 1054 2362 quos
1069 2323 1189 2353 natura
1204 2321 1295 2352 nullo
1311 2322 1368 2352 tuo
1390 2320 1502 2352 labore

204 2373 271 2419 tibi
284 2372 396 2413 dedit,
428 2374 621 2408 servandam
643 2374 831 2417 susceperis,
865 2373 951 2407 hanc
983 2375 1034 2407 ita
1055 2373 1222 2416 perditum
1250 2373 1304 2413 iri,
1338 2375 1378 2406 ut
1399 2373 1504 2416 siquis

204 2419 343 2460 asellum
365 2428 469 2461 frenis
489 2438 618 2463 currere
640 2428 753 2461 docere
775 2429 869 2466 velit,
904 2427 1000 2470 quod,
1034 2429 1121 2460 sieut
1142 2430 1262 2460 natura
1285 2428 1406 2460 nullo
1429 2429 1505 2460 tuo

204 2480 355 2514 labore
377 2483 576 2524 propinquos
608 2483 643 2516 et
676 2481 797 2515 amieos
829 2481 896 2514 tibi
918 2480 1057 2521 dederit,
1091 2481 1142 2514 ita
1165 2482 1269 2514 etiam
1299 2482 1388 2514 sine
1410 2481 1505 2514 ulla
