1772 2901
760 173 1024 224 ..15-

245 289 396 328 omnino
413 289 512 328 nihil
529 301 574 329 ex
592 289 745 329 Helenii
762 289 921 330 Acronis
940 290 1205 330 commentario
1225 289 1266 328 in
1290 289 1560 337 „Acroniano⁸>

245 354 436 393 servatum
456 364 536 393 esse
554 353 777 393 contendere
794 353 891 393 mihi
909 353 1062 404 quidem
1090 353 1334 393 temerarium
1361 353 1546 394 videatur.

354 417 426 456 His
452 416 581 468 <igitur
607 417 780 457 omnibus
815 417 998 457 absolutis
1033 418 1111 457 iam
1138 417 1187 457 ad
1224 417 1305 468 ipsa
1333 417 1477 458 scholia
1503 430 1547 458 ex

244 481 305 529 iis,
333 492 427 531 quae
453 481 503 521 ad
530 481 645 533 primi
671 482 761 522 libri
789 482 953 532 quinque
979 482 1283 532 prioressatiras
1301 482 1461 530 exstant,
1489 493 1547 522 se-

244 545 344 586 lecta
371 545 603 596 inspicienda
640 546 753 596 atque
792 545 1034 587 discernenda
1070 558 1131 586 me
1166 546 1375 595 conferam,
1411 546 1467 595 ut,
1503 558 1547 587 ex

244 610 292 648 iis
320 610 409 659 quid
438 611 636 657 efficiatur,
665 621 931 661 cognoscamus
959 612 1071 660 atque
1090 610 1369 661 intellegamus.

696 718 703 723 ’
752 701 910 806 Pers
948 748 1035 806 II.

242 854 392 893 Scholia
419 865 463 894 ex
491 854 551 901 iis,
588 865 681 903 quae
708 854 758 893 ad
786 854 898 904 primi
926 854 1016 893 libri
1044 855 1206 905 quinque
1242 854 1382 904 priores
1410 854 1544 894 satiras

242 918 402 966 exstant,
432 917 570 957 selecta
597 917 741 965 critica,
771 929 884 968 quam
913 917 1055 967 dicunt,
1085 919 1165 958 arte
1201 918 1406 969 probantur
1433 918 1544 969 atque

751 982 1025 1022 discernuntur.

348 1090 574 1149 Priusquam
595 1100 737 1140 scholia
764 1101 914 1151 singula
933 1101 1015 1150 ipsa
1033 1102 1206 1148 tractem,
1237 1101 1334 1150 quod
1362 1101 1401 1140 in
1430 1102 1543 1140 aesti-

240 1164 388 1203 mandis
417 1164 495 1203 illis
523 1165 635 1215 atque
659 1159 906 1214 emendandis
926 1164 1128 1214 plurimum
1158 1165 1278 1212 valet,
1309 1176 1399 1214 quos
1425 1165 1543 1204 maxi-

245 1240 306 1267 me
350 1228 496 1267 codices
532 1229 602 1267 ⁴vel
643 1219 753 1278 quem
796 1240 913 1268 unum
955 1229 1116 1268 maxime
1149 1240 1369 1278 sequamur,
1415 1229 1544 1268 Hau-

241 1292 398 1339 thalio
416 1292 618 1340 adsentior,
648 1293 712 1342 qui
731 1293 771 1331 in
799 1293 860 1340 iis,
890 1304 984 1342 quae
1002 1293 1050 1331 ad
1071 1293 1207 1332 satiras
1226 1294 1409 1342 spectant,
1438 1293 1544 1342 scho-

238 1356 313 1404 liis,
343 1368 428 1395 cum
466 1356 511 1394 in*
543 1356 805 1407 antiquissimo
844 1356 971 1396 codice
1006 1356 1178 1396 Parisino
1213 1355 1283 1409 (A)
1326 1368 1410 1396 cum
1451 1356 1543 1407 ipsis

239 1421 366 1460 satiris
394 1421 463 1460 illa
492 1420 635 1468 desint,
663 1421 835 1461 Parisino
865 1422 984 1468 7975,
1025 1437 1047 1471 γ
1066 1422 1205 1468 notato,
1234 1422 1435 1460 maximam
1454 1432 1542 1460 auc-

238 1484 432 1524 toritatem
460 1485 598 1524 tribuit
611 1485 685 1537 ²⁰),
716 1485 770 1524 ita
799 1486 939 1533 tamen,
968 1486 1012 1524 ut
1039 1497 1112 1525 non
1154 1484 1325 1524 omnibus
1365 1485 1470 1524 locis·
1485 1495 1542 1523 se-

238 1550 426 1599 quendum
471 1549 582 1587 illum
629 1561 708 1588 esse
757 1550 901 1599 p'utem3
944 1550 1012 1588 illa
1069 1549 1248 1598 quomodo
1295 1560 1339 1588 ex
1377 1549 1542 1599 ipsorum

239 1613 465 1652 scholiorum
493 1613 614 1652 forma
647 1613 759 1663 aulue
787 1613 997 1660 conditione
1030 1613 1193 1660 eluceat,
1217 1612 1345 1662 aliqua
1373 1612 1541 1666 exempla

240 1689 283 1717 ex
300 1678 421 1727 primo
441 1678 642 1717 satirarum
670 1678 766 1717 libro
795 1677 856 1717 hic
884 1678 1017 1717 afferre
1036 1690 1109 1717 non
1137 1669 1301 1717 alienum
1330 1677 1431 1726 puto.

809 1795 904 1835 Sat.
936 1796 970 1834 1.

347 1879 418 1917 Ad
446 1891 482 1917 v.
513 1880 549 1917 2.
572 1879 629 1929 (in
647 1879 738 1931 fine)
752 1894 761 1918 ς

237 1956 275 1994 y:
351 1942 467 1983 Stoici
494 1942 594 1983 enim
624 1943 755 1984 dicunt
783 1942 909 1983 omnia
945 1944 1081 1984 certa
1099 1943 1285 1983 ratione
1319 1942 1411 2004 fieri,
1450 1941 1537 1993 Epi-

347 2008 450 2046 curei
476 2008 648 2046 fortuitu.

326 2136 381 2175 20)
406 2134 445 2167 cf.
474 2135 630 2173 „Acronis
652 2137 687 2168 et
710 2135 945 2177 Porphyrionis
967 2135 1204 2168 Commentarii
1227 2135 1263 2167 in
1293 2136 1331 2175 Q.
1362 2134 1539 2168 Horatium

237 2187 421 2220 Flaccum.“
481 2188 672 2230 Castigavit
715 2187 944 2221 Ferdinandus
988 2188 1147 2222 Hauthal.
1210 2188 1291 2222 Pars
1323 2189 1352 2221 1.
1395 2188 1541 2231 Lipsiae.

236 2240 473 2281 MDCCCLIX,
496 2242 554 2274 ubi
577 2252 607 2284 p.
629 2242 661 2275 4.
685 2242 706 2274 5
728 2242 875 2284 legitur:
896 2242 945 2274 Eo
966 2241 1074 2284 magis
1096 2243 1208 2275 autem
1236 2241 1412 2275 dolendum
1424 2244 1475 2275 est
1497 2267 1505 2275 .
1529 2268 1536 2274 .

237 2317 245 2326 .
269 2318 277 2326 .
302 2320 309 2326 .
335 2320 342 2327 .
368 2304 432 2336 quo
455 2295 576 2327 certius
599 2297 651 2327 cst
673 2295 759 2327 hunc
782 2294 904 2328 librum
927 2295 982 2337 (sc.
1007 2294 1150 2327 codicem
1171 2296 1208 2337 y)
1231 2304 1301 2328 esse
1323 2296 1457 2328 unicum
1485 2295 1538 2328 in-

236 2350 289 2382 ter
313 2349 521 2389 vetustiores,
546 2350 602 2392 qui
624 2350 770 2392 puriores
793 2349 993 2383 Acronianos
1015 2360 1046 2392 q.
1070 2359 1100 2383 v.
1124 2350 1374 2383 commentarios
1402 2350 1438 2382 in
1467 2348 1538 2383 Ser·
1574 2397 1578 2403 Δ
1615 2346 1620 2349 ’

236 2412 358 2442 mones,
381 2403 552 2445 Epistulas
575 2405 675 2446 atque
697 2404 813 2437 Artem
835 2403 999 2446 poeticam
1022 2403 1189 2437 exhibent.
