1772 2901
257 342 355 378 nem,
385 343 478 381 quae
506 332 684 381 sequitur,
713 343 786 372 non
815 331 952 379 minus,
994 342 1106 383 quam
1140 331 1255 379 ‚At·‚
1285 306 1463 381 quadran*
1512 333 1559 371 In

255 396 379 435 verbis
414 396 492 444 „De
519 396 624 435 asino
650 397 778 435 autem
797 395 1030 447 proverbiale
1059 396 1137 436 est⁴⁵
1172 396 1382 437 subiectum
1410 396 1558 455 deside-

255 460 374 505 ratur,
403 463 517 509 quam
559 460 605 500 ob
633 472 713 500 rem
755 461 883 508 ,hoo“
916 461 1004 500 ante
1038 459 1313 511 „proverbiale“
1346 456 1557 511 ponendum
1687 464 1744 513 ζ

254 524 521 574 proposuerim.

364 587 451 638 Ipsa
479 588 607 628 autem
636 588 914 640 explicatio
941 589 1116 640 prima,
1145 600 1240 639 quae
1258 600 1373 640 usque
1400 589 1448 628 ad
1478 600 1560 629 ver-

254 652 344 691 bum
379 652 548 700 „Aliter“
590 653 765 703 pertinet,
815 654 896 693 tam
941 653 1031 704 apta
1068 653 1137 702 est,
1178 654 1222 693 ut
1258 664 1364 694 vere
1406 653 1560 693 Aero-

254 717 444 757 nianam
473 717 646 768 equidem
674 718 783 758 illam
811 718 1033 758 existimem.
1063 740 1118 746 -—
1145 718 1273 758 Duae
1300 719 1428 758 autem
1454 718 1558 767 illae,

254 792 373 831 quae
415 783 709 831 sequuntur,
750 793 824 821 non
850 783 1036 832 genuinae
1064 794 1143 821 esse
1171 783 1367 829 videntum
1408 783 1559 822 altera

255 847 354 886 enim
384 858 457 886 non
492 846 613 886 solum
648 846 797 897 propter
825 840 979 887 verbum
1015 846 1246 895 ,Aliter,“
1287 846 1384 898 quod
1412 858 1558 898 semper

252 911 332 949 fere
361 911 525 949 scholion
567 911 793 950 alterutrum
822 911 1052 950 inculcatum
1094 923 1172 950 esse
1207 911 1451 959 demonstrat,
1492 911 1559 951 sed

253 972 370 1014 etiam
397 974 548 1025 propter
576 974 689 1015 nimis
718 975 932 1016 accuratam
960 975 999 1015 et
1026 975 1175 1015 anxiam
1204 974 1415 1026 explicandi
1443 975 1559 1015 ratio·
1609 1014 1621 1022 ,

252 1051 351 1087 nem,
379 1051 473 1089 quae
498 1040 548 1079 ad
576 1052 684 1079 usum
712 1041 794 1080 ludi
823 1041 1004 1080 litterarii
1031 1040 1229 1091 aptissima
1256 1041 1325 1087 est,
1355 1040 1557 1080 maximam

251 1103 501 1162 suspicionem
522 1105 666 1151 movet3
696 1105 859 1145 altera
878 1116 919 1145 eo
937 1105 1138 1153 refellitur,
1159 1104 1256 1155 quod
1284 1105 1397 1144 verba
1431 1104 1559 1152 „Siout

252 1168 377 1218 perdit
414 1180 563 1218 operam
593 1200 601 1208 .
636 1199 643 1207 .
674 1200 682 1208 .
715 1200 723 1208 .
754 1171 957 1221 fungatur“
991 1182 1034 1209 ex
1071 1170 1403 1221 Porphyrione
1439 1169 1559 1220 petita

254 1244 334 1271 esse
367 1232 561 1280 videntum
603 1233 704 1283 apud
732 1233 842 1273 illum
876 1234 976 1273 enim
1005 1235 1147 1274 exstatz
1178 1264 1186 1273 .
1220 1264 1228 1272 .
1260 1264 1268 1272 .
1301 1264 1310 1273 .
1340 1234 1383 1273 ut
1410 1234 1443 1273 si
1474 1233 1558 1284 quis

252 1297 347 1336 velit
388 1297 536 1336 asinum
577 1298 694 1337 frenis
737 1310 877 1349 regere,
921 1298 964 1338 ut
1004 1299 1087 1348 equi
1116 1298 1300 1349 fungatur
1326 1298 1477 1339 officio?
1506 1320 1556 1326 —

251 1360 378 1400 Etiam
408 1362 621 1401 extrema
649 1373 735 1412 pars
754 1360 903 1415 (1111110
930 1363 1025 1402 nat.
1060 1362 1226 1402 labore
1254 1373 1293 1410 q.
1323 1362 1356 1400 t.
1386 1361 1425 1400 d.
1455 1361 1556 1413 ete),

251 1425 348 1475 quod
376 1436 651 1476 supervacanea
678 1428 746 1474 est,
776 1427 894 1466 serius
921 1427 1054 1466 addita
1082 1438 1161 1466 esse
1190 1426 1350 1466 videtur.

362 1490 425 1528 Ad
453 1503 520 1529 vv.
553 1492 652 1529 101.
688 1492 777 1530 102
805 1491 905 1541 apud
939 1491 1216 1539 „Acronem“
1249 1490 1435 1541 legimus:

449 1554 562 1604 quid
598 1567 649 1594 m.
687 1555 711 1594 i.
751 1567 781 1595 s.
845 1555 977 1606 Fingit
1018 1555 1091 1595 sibi
1134 1554 1418 1605 respondentem
1460 1565 1557 1602 eum,

383 1630 494 1669 quem
522 1620 750 1670 adloquitur.

450 1684 502 1722 ut
531 1684 691 1724 vivam
709 1685 938 1724 Naevius.
986 1684 1201 1724 Naevius
1219 1685 1454 1742 tam‘parous
1471 1684 1558 1740 fuit,

384 1749 427 1787 ut
455 1749 590 1789 merito
628 1750 798 1789 sordidus
827 1750 1092 1800 appellaretur,
1134 1750 1173 1789 et
1201 1750 1330 1790 contra
1358 1748 1557 1789 Cassius

383 1813 712 1853 Nomentanus
740 1815 820 1854 tam
846 1814 1019 1865 profusus
1046 1814 1133 1861 fuit,
1162 1814 1205 1852 ut
1233 1813 1448 1853 sestertium
1476 1824 1558 1864 sep-

383 1878 532 1928 tuagies
574 1878 728 1917 libidini
765 1880 803 1918 et
830 1879 942 1929 gulae
978 1878 1223 1928 impenderet.
1280 1878 1403 1917 Huius
1430 1889 1558 1917 00011111

385 1942 547 1981 Damam
589 1943 737 1982 nomine
775 1943 962 1982 Salustius
1001 1942 1154 1992 Crispus
1195 1941 1362 1981 centenis
1403 1941 1558 1981 milibus

383 2007 480 2045 aeris
517 2006 740 2046 conductum
776 2007 921 2046 habuit.
978 2006 1166 2046 Aliter:
1228 2006 1558 2046 Nomentanus

254 2148 328 2180 tua
350 2145 577 2179 industria
599 2146 768 2180 com'nncti
789 2146 842 2180 illi
864 2146 930 2179 tibi
949 2156 1081 2179 manere
1098 2145 1284 2179 debeant?“
1332 2145 1558 2180 Bentleiuu

254 2200 386 2243 quidem
408 2210 466 2243 per
488 2200 572 2233 hane
595 2200 797 2235 sententiam
819 2200 878 2233 hos
902 2210 1013 2233 versus
1036 2209 1108 2233 011111
1130 2199 1351 2242 superioribus
1374 2198 1557 2240 coniungit,

253 2256 293 2287 ut
326 2256 424 2296 poeta
458 2254 646 2295 significet:
693 2254 764 2292 „An
798 2254 908 2295 potius
943 2253 1043 2286 nihili
1077 2253 1159 2286 facis
1186 2263 1206 2286 a
1229 2253 1381 2294 cognatis
1404 2252 1509 2285 amari
1517 2252 1554 2285 ’θ’

252 2307 316 2341 Sed
338 2307 422 2341 hanc
446 2308 649 2340 sententiam
671 2308 854 2349 propterea,
879 2306 965 2350 quod
986 2307 1085 2349 paulo
1107 2308 1187 2340 ante
1209 2306 1276 2349 (vv.
1303 2305 1447 2345 80—85)
1471 2305 1558 2338 cala-

253 2362 409 2394 mitatem
432 2361 535 2399 illius,
570 2371 667 2403 quem
689 2361 864 2403 propinqui
900 2361 1058 2400 odissent,
1092 2362 1190 2402 poeta
1222 2369 1321 2393 avaro
1346 2361 1426 2393 ante
1448 2358 1557 2392 oeulos

252 2415 384 2457 posuit,
416 2414 568 2457 equidem
609 2415 746 2448 minime
787 2414 841 2447 1110
874 2416 988 2456 aptam
1029 2423 1099 2446 esse
1132 2423 1265 2452 001100ος
1310 2415 1411 2455 atque
1454 2412 1556 2447 etiam

253 2469 362 2502 minus
385 2471 474 2502 arcte
490 2469 537 2502 sic
557 2468 642 2502 mihi
665 2478 737 2502 cum
761 2467 984 2511 superioribus
1006 2467 1042 2501 hi
1066 2477 1178 2501 versus
1200 2466 1369 2501 coniuncti
1391 2465 1556 2499 videntur.
