1772 2901
753 177 1019 265 &5⁶9-

229 320 304 350 non
331 309 474 357 dubito,
503 296 601 361 quin¹
620 310 813 351 exordium
843 310 1006 363 („Filius
1044 311 1219 358 Antonii,
1256 322 1367 361 nepos
1401 308 1535 352 mariti

229 372 494 426 Cleopatrae¹¹>
522 375 651 426 postea
683 375 835 417 illatum
865 376 934 424 sit;
969 376 1038 416 hoo
1065 376 1164 416 enim
1192 376 1226 416 si
1253 375 1535 424 removerimus‚'
1602 376 1603 379 ’

228 438 375 489 reliqua
416 440 562 479 nullam
602 440 841 481 offensionem
882 441 1023 481 habent
1062 441 1174 492 atque
1211 453 1261 480 -ex
1300 441 1396 481 bono
1430 441 1532 482 fonte
1600 486 1603 489 ff

229 502 378 543 fluxisse
412 501 605 551 videntum
646 505 768 555 ipsum
811 506 936 545 autem
963 505 1062 545 illud
1090 505 1144 545 sie
1171 505 1295 544 ortum
1323 515 1403 546 esse
1428 504 1531 556 puto,
1560 555 1563 559 ‚

229 568 273 606 ut
306 567 477 615 „Filius
505 568 720 609 Antonii“
766 570 814 611 ab
858 569 994 620 aliquo,
1037 570 1101 619 qui
1128 581 1189 614 eo.
1220 568 1321 620 ,quod
1347 569 1439 617 toto,
1467 569 1561 619 qui·
1607 592 1610 595 -

228 632 301 673 huo
319 632 494 683 pertinet,
523 634 603 674 loeo
627 634 673 674 de
701 635 911 685 patribus
938 635 1072 685 atque
1099 634 1222 675 filiis
1247 634 1356 685 poeta
1375 627 1529 681 diceret,

228 697 404 747 deeeptus
431 698 546 738 etiam
584 698 648 738 hie
687 699 801 746 „filii⁴‘
840 699 1154 751 significationem
1182 699 1427 746 desideraret,
1466 698 1531 737 de-

228 761 316 802 inde
348 774 504 813 „nepos
532 762 690 804 mariti
717 763 1012 814 Cleopatrae“
1045 764 1094 804 ab
1120 763 1237 821 altero
1263 762 1438 803 additum
1466 763 1529 810 sit,

228 826 305 877 qui,
334 827 431 877 quod
461 827 617 868 Antonii
644 828 834 869 triumviri
864 840 908 869 ae
931 829 1059 873 mariti
1079 824 1296 880 Cleopatrae
1315 827 1417 868 filius
1449 827 1530 875 „Si-

228 891 388 942 syphus‘
421 891 573 931 aliunde
602 886 755 943 ignotus
781 894 890 941 esset,
928 893 1032 933 illius
1067 893 1224 933 fratrem
1236 893 1290 944 ³⁴)
1318 892 1441 942 potius
1467 891 1530 931 hie

230 955 435 1007 significari
464 956 625 1006 putaret.

334 1020 535 1060 Tertium
578 1021 737 1072 denique
780 1022 961 1062 scholion>
987 1033 1051 1072 per
1086 1022 1204 1061 totam
1233 1021 1392 1072 speeiem
1422 1031 1529 1061 suam

230 1085 473 1135 posteriorem
500 1086 683 1137 originem
713 1087 873 1134 indicat,
901 1088 1015 1137 atque
1042 1099 1084 1126 ex
1112 1086 1225 1136 primi
1251 1086 1384 1125 scholii
1410 1086 1530 1126 forma

227 1150 295 1189 illa
314 1151 488 1200 corrupta
509 1162 553 1191 ae
571 1150 668 1191 falso
686 1151 838 1202 quidem
863 1151 1058 1192 intellecta
1084 1152 1122 1191 et
1149 1162 1192 1191 ex
1219 1141 1529 1201 Porphyriones

226 1216 416 1264 sumptum
445 1215 542 1254 illud
577 1227 655 1255 esse
690 1218 855 1266 apparet.
888 1239 937 1245 —
973 1217 1104 1266 Itaque
1140 1216 1237 1255 nihil
1265 1216 1411 1265 praeter
1439 1215 1528 1264 pri-

226 1289 342 1317 mum
372 1278 537 1319 scholion
564 1280 781 1319 restitutum
811 1280 1016 1331 genuinum
1046 1291 1125 1319 esse
1152 1279 1294 1325 iudieo;
1321 1279 1433 1329 atque
1459 1278 1527 1318 hee

228 1343 351 1395 ipsum
392 1344 441 1384 ad
482 1345 628 1395 ipsius
662 1345 851 1385 Aoronis
893 1346 1199 1386 commentarium
1240 1338 1406 1395 spectare
1435 1343 1528 1384 mihi

228 1408 376 1458 quidem
406 1421 472 1459 pro
499 1411 601 1449 certo
629 1411 696 1450 est.

227 1472 307 1513 Ad.
337 1486 372 1513 v.
403 1474 467 1514 82.
497 1474 779 1527 Porphyrion
807 1475 956 1516 scribit:

358 1539 561 1579 Labeone
588 1540 612 1579 i.
644 1541 668 1578 i.
698 1552 726 1580 s.
757 1540 792 1579 d.
829 1541 978 1579 Marcus
1012 1539 1201 1595 Antistius
1240 1540 1388 1579 Labeo
1422 1551 1529 1589 prae-

360 1602 477 1644 torius
519 1603 617 1660 iuris¹
654 1604 769 1645 etiam
809 1605 950 1655 peritus
992 1616 1134 1644 memor
1158 1603 1360 1652 libertatis,
1387 1603 1428 1642 in
1455 1613 1529 1653 qua
1587 1598 1589 1600 ’

358 1669 469 1708 natus
496 1670 594 1715 erat,
631 1670 752 1709 multa
786 1670 1055 1710 oontumaeiter
1088 1670 1266 1709 adversus
1294 1668 1528 1708 Caesarem

360 1732 496 1773 dixisse
524 1733 563 1773 et
588 1725 723 1773 fecisse
751 1733 903 1781 dieitur4
931 1735 1081 1787 propter
1100 1733 1196 1783 quod
1223 1732 1402 1772 Horatius
1429 1742 1527 1772 nune

357 1797 514 1838 adulans
542 1798 715 1850 Augusto
742 1799 915 1838 insanum
943 1810 1028 1838 eum
1057 1798 1162 1838 dicit.

228 1873 295 1913 Ad
323 1874 512 1914 eundem
542 1886 718 1914 versum
746 1874 845 1925 apud
879 1875 1139 1922 „Acronem“
1172 1873 1338 1924 legitur:

357 1938 559 1978 Labeone
587 1938 670 1978 ins.
698 1939 724 1978 i.
754 1951 784 1978 3.
820 1938 857 1978 d.
896 1940 930 1978 1.
967 1939 1113 1978 Labeo
1139 1936 1401 1993 iurisperitus
1428 1935 1527 1976 vitu·

357 2003 512 2054 perabat
538 2003 642 2055 leges
670 2003 837 2055 Augusti
865 2002 1052 2050 Caesaris;
1080 2002 1180 2042 hune
1205 2001 1314 2042 modo
1331 2000 1527 2052 reprehen-
1597 2049 1601 2054 Δ
1668 2003 1683 2059 s*

357 2068 415 2108 dit
455 2068 634 2109 Horatius
675 2068 715 2109 in
747 2069 913 2121 gratiam
948 2068 1128 2109 Caesaris.
1160 2069 1197 2108 2.
1224 2066 1387 2107 Martius
1414 2065 1527 2106 Anti·

357 2134 453 2174 stius
481 2134 627 2175 Labeo
654 2134 747 2174 iuris
775 2134 918 2184 peritus
952 2134 1178 2173 memoratae
1204 2132 1411 2179 libertatisg
1439 2141 1527 2171 nam

356 2199 396 2238 in
437 2199 653 2251 Augustum
694 2198 811 2238 libere
851 2198 1023 2238 invectus
1063 2198 1146 2244 est·²
1181 2196 1265 2237 ideo
1297 2196 1413 2236 etiam
1440 2206 1526 2235 eum

355 2275 455 2303 nune
481 2264 590 2314 poeta
617 2263 716 2303 male
743 2263 897 2310 tractat,
927 2263 970 2302 ut
996 2261 1232 2313 gratificetur
1259 2260 1443 2312 Augusto.

356 2349 412 2391 34)
431 2349 598 2391 „Nepos·
617 2348 706 2381 enim
730 2357 788 2391 pro
814 2347 987 2386 „fratris
1009 2346 1150 2380 filins‘·
1175 2346 1368 2389 usurpatum
1383 2343 1525 2384 videtur,

225 2403 262 2437 id
283 2403 369 2448 quod
390 2398 581 2447 saepissime
602 2402 690 2446 apud
711 2401 884 2445 scriptores
905 2401 1030 2436 aetatis
1050 2400 1239 2445 posterioris
1260 2398 1441 2442 reperitur-3
1463 2407 1526 2442 quo

225 2469 321 2492 sensu
344 2459 447 2492 etiam
469 2458 566 2492 tertii
590 2457 706 2491 scholii
729 2459 842 2490 auctor
863 2455 949 2490 illud
971 2455 1148 2489 intellexit.
