1772 2901
228 299 298 340 lud
324 299 476 341 Horatii
502 309 634 351 poema
651 301 833 352 Scaurum
860 301 1391 346 decemcommentariorum
1418 303 1535 350 libros
1675 324 1707 354 ς

230 365 505 416 conscripsisse,
546 365 585 405 et
611 377 655 405 ex
681 365 744 414 iis,
784 374 882 417 quae
921 366 1114 407 Charisius
1149 378 1186 417 p.
1215 368 1309 415 210,
1336 368 1387 409 21
1416 368 1467 411 K.
1495 369 1542 411 ‚ot

229 429 461 481 Porphyrion
488 430 538 470 ad
565 430 715 471 Horatii
742 429 824 472 Sat.
857 429 912 482 11,
950 431 989 479 9,
1025 431 1080 471 92
1116 442 1160 474 ex
1186 430 1318 474 Scauri
1342 442 1535 477 commen-

228 493 338 537 tariis
351 493 387 546 ⁶)
414 494 597 543 afferunt,
626 495 719 534 satis
745 496 902 545 apparet
928 496 1044 535 latius
1070 496 1158 537 illos
1184 496 1374 547 pataliam
1402 495 1535 542 Chen*-

228 558 308 598 sius
335 558 436 597 enim
464 557 547 599 illie
581 557 714 599 Scauri
748 558 1033 610 explicationem
1061 572 1098 603 v.
1131 562 1149 602 1
1181 559 1272 602 libri
1299 560 1319 600 I
1346 560 1534 606 Aeneidos

228 622 475 673 Vergilianae
501 624 779 670 commemorat,
807 623 847 662 et
872 623 1139 674 Porphyrionis
1166 623 1334 666 scholion
1359 624 1457 664 illud
1482 624 1533 666 ad

226 685 384 727 verbum
416 685 604 737 ¹„obstipo”
638 685 760 740 (,stes
795 687 917 738 capite
952 686 1155 739 obstipo‘),
1190 687 1287 738 quod
1314 687 1356 729 in
1380 687 1534 734 Horatii

226 750 310 790 arte
337 750 483 800 poetica
508 761 581 790 non
616 751 810 801 reperitur,
839 751 1004 801 pesitum
1031 752 1091 792 est
1115 753 1229 802 atque
1255 752 1312 793 sie
1329 763 1369 794 se
1395 752 1532 797 habet}

227 813 337 855 Stes
364 814 533 864 capite
558 814 765 866 obstipo.
808 815 928 857 Tristi
966 827 1011 857 ac
1038 827 1177 857 severo.
1213 815 1419 858 Scaurus
1451 816 1532 866 ‚in-

228 878 391 918 clinato“
432 878 564 918 dicit“.
621 879 753 929 Itaque
781 879 943 920 Charisii
977 880 1044 921 ille
1071 881 1174 921 locus
1206 881 1275 922 aut
1300 880 1354 921 sic
1381 880 1532 922 intelle-

227 942 374 995 gendus
401 943 478 991 est,
505 943 550 982 ut
587 942 770 984 Scaurum
808 943 848 983 in
875 944 1001 985 omnia
1028 944 1178 986 Horatii
1204 945 1376 995 poemata
1402 944 1531 989 decem

226 1008 580 1047 commentariorum
622 1008 738 1048 libros
777 1009 892 1059 atque
932 1009 1118 1049 decimum
1163 1009 1305 1049 librum
1345 1009 1384 1049 in
1424 1010 1529 1053 iuius

233 1073 375 1120 „artem
403 1071 609 1122 poeticam*
641 1072 834 1123 scripsisse
861 1074 1085 1119 statuamus.
1122 1074 1162 1113 id
1190 1074 1287 1124 quod
1322 1074 1419 1114 mihi
1446 1065 1529 1124 qui*-

225 1136 313 1176 dem
341 1136 455 1175 nimis
481 1136 725 1176 artificiosum
744 1149 824 1177 esse
851 1138 1010 1186 videtur,
1038 1138 1107 1179 aut
1133 1138 1201 1186 sic,
1229 1136 1273 1178 u't
1298 1150 1384 1180 eum
1411 1138 1529 1182 Bern-
1585 1190 1589 1193 p

226 1200 347 1251 hardy
388 1200 445 1251 (in
493 1201 706 1247 „Prooemio
749 1201 799 1240 ad
840 1201 931 1241 Hor.
983 1202 1091 1251 epist.
1138 1202 1188 1242 ad
1235 1202 1402 1250 Pison.“‚
1443 1202 1527 1244 Ind-

225 1264 342 1304 schol.
371 1264 485 1304 Univ.
514 1264 671 1304 Halens.
717 1265 820 1305 1847
862 1276 950 1316 pag.
993 1265 1063 1313 III,
1105 1277 1143 1304 n.
1174 1266 1217 1317 2)
1250 1265 1529 1313 ,institutiones

226 1328 445 1369 elocutionis
471 1328 660 1379 poeticae·
693 1329 779 1369 illos
814 1329 1098 1370 commentarios
1116 1329 1232 1369 fuisse
1259 1330 1526 1371 existimemus.

743 1545 912 1609 Caput
950 1546 1012 1595 ΙΙ.

336 1669 550 1719 Quaeritur,
579 1682 622 1710 ex
650 1670 811 1710 fontium
839 1669 1062 1710 auctoritate
1081 1669 1229 1710 idemne
1261 1700 1278 1719 ,
1293 1670 1326 1710 A
1337 1683 1358 1710 c
1367 1682 1387 1710 r
1394 1682 1415 1710 ο
1425 1682 1449 1709 n
1458 1670 1521 1710 is·

225 1735 337 1784 atque
364 1735 403 1772 H
412 1745 432 1772 e
440 1734 455 1773 1
464 1745 483 1772 e
492 1734 561 1773 nii
590 1734 626 1773 A
635 1746 655 1774 c
664 1746 712 1773 ro
721 1734 796 1774 nis
824 1734 1113 1773 commentarius
1141 1734 1326 1773 videatur.

337 1819 400 1859 Ad
419 1819 715 1867 diiudicandum,
736 1832 779 1859 ex
797 1820 959 1859 fontium
978 1819 1201 1860 auctoritate
1219 1818 1367 1859 idemne
1391 1808 1529 1868 ‚Acro-⁷-

224 1884 307 1924 nis“
339 1885 451 1935 atque
479 1884 631 1924 Helenii
667 1885 826 1925 Acronis
862 1884 1149 1924 commentarius
1186 1884 1369 1932 videatur,
1398 1884 1528 1924 viden-

225 1948 317 1987 dum
345 1950 415 1995 est,
443 1948 658 1999 antiquisne
686 1949 762 1988 iam
791 1949 831 1987 in
859 1948 1049 1988 codicibus
1077 1947 1150 1998 ipsi
1177 1947 1359 1988 Acroni
1386 1947 1528 1988 scholia
1560 1989 1566 1992 ,
1644 1946 1646 1948 ’
1674 1940 1715 1996 ²3

223 2012 295 2052 illa
321 2012 551 2052 tribuantur.
609 2012 715 2061 Quod
744 2024 831 2052 sane
865 2012 1079 2062 negandum
1109 2012 1177 2059 est,
1206 2023 1290 2051 cum
1319 2011 1360 2051 in
1388 2011 1435 2051 iis
1463 2010 1528 2051 de-

224 2087 343 2123 mum,
372 2076 436 2126 qui
478 2076 625 2116 saeculo
665 2074 739 2115 XV
778 2071 1033 2128 assignantur,
1075 2074 1234 2115 Acronis
1258 2085 1408 2127 ‘nomen
1435 2074 1528 2126 ipsis
1597 2075 1600 2078 '

225 2141 378 2182 scholiis
406 2140 624 2191 impositum
660 2141 722 2182 sit.
780 2141 875 2190 Sed,
914 2153 984 2191 quo
1018 2141 1184 2191 tempore
1212 2139 1357 2190 antiqui
1384 2140 1528 2181 codices

224 2205 359 2254 scripti
386 2206 487 2252 sunt,
516 2205 645 2244 eadem
675 2205 744 2244 illa
772 2205 914 2245 scholia
949 2205 1089 2244 Acroni
1122 2204 1267 2243 tributa
1294 2204 1421 2243 tamen
1449 2215 1528 2243 esse

357 2335 390 2372 6)
414 2334 618 2375 Quamquam
641 2333 848 2376 Porphyrion
881 2333 968 2365 nihil
1001 2332 1095 2365 alind
1128 2332 1195 2365 nisi
1232 2332 1409 2370 „Semi-us·
1434 2331 1528 2371 dicit,

224 2387 337 2419 tamen
360 2386 403 2419 ad
436 2387 512 2420 illos
545 2387 796 2420 commentarios
828 2385 890 2420 hoc
911 2384 1115 2419 referendum
1139 2395 1208 2419 esse
1230 2394 1289 2427 pro
1310 2386 1399 2419 certo
1422 2384 1528 2419 statui

224 2443 341 2482 optent.

478 2873 496 2883 ⁸*
512 2889 527 2900 ο
538 2881 546 2898 ι
554 2887 585 2901 ω.
595 2881 660 2901 --ᾼιῂ
666 2873 868 2901 <inanes-322
878 2899 889 2901 .,
899 2899 903 2901 ,
913 2874 1128 2901 ζ’,κέῆώῖάωή
1136 2870 1167 2901 ἶιί
1179 2869 1392 2901 Riduna-‘zl-
