1772 2901
0 171 9 185 .
0 54 21 92 „4

762 213 1005 253 .-.8...ὸ

225 317 386 358 tandum
414 317 484 365 est,
513 317 605 369 quin
632 318 760 358 auctor
787 317 893 358 illius
922 317 1024 359 vitae
1050 319 1131 368 aut,
1158 319 1192 358 si
1219 318 1297 359 iam
1315 318 1425 360 initio
1450 319 1529 361 me-

227 382 283 422 dii
309 382 393 422 aevi
420 383 503 422 orta
527 382 598 423 illa
617 382 695 430 est.
722 383 777 430 is,
805 383 870 433 qui
895 384 936 423 in
963 377 1074 423 illum
1101 383 1266 424 codicem
1293 395 1376 424 eam
1403 385 1529 425 trans·

226 445 332 493 tulit,
360 446 422 485 vel
449 446 599 495 aliquis,
628 446 692 495 qui
719 456 802 485 eam
828 446 948 497 legit,
982 447 1183 494 ,Ληουὶν
1215 457 1349 487 nomen
1375 446 1539 504 addi-tu·-
1594 465 1598 469 ·
1664 435 1668 442 ’
1695 433 1725 450 Τ

226 521 291 549 rus
330 509 458 556 fuerit,
497 509 719 559 praesertim
759 521 844 550 cum
886 521 930 550 ex
972 521 1110 562 magno
1135 521 1290 551 numero
1321 510 1523 559 ,Aer-miv

226 573 395 613 codicum
422 573 653 622 permultum
680 574 759 613 eius
785 573 928 613 scholia
945 585 1012 624 per
1030 574 1198 613 medium
1214 584 1348 614 aevum
1367 567 1529 614 valuisse

226 637 417 687 appareat.
445 659 500 665 --
518 636 581 676 Ad
599 637 771 685 alteram,
801 648 913 687 quam
931 647 1044 687 supra
1072 637 1168 689 (cap.
1188 637 1222 685 I,
1239 648 1328 690 pag.
1349 638 1396 690 2)·
1419 636 1528 676 adhi-

225 701 303 748 bui,
332 701 452 741 vitam
471 701 570 751 quod
586 701 761 751 pertinet,
791 701 1048 741 Blandinii
1076 693 1413 751 antiqiiissimi
1431 701 1526 749 dico,

226 775 269 806 ex
295 764 401 803 illius
420 765 540 803 forma
559 765 709 804 videtur
726 777 817 821 sane
834 766 1068 815 comprobari
1086 776 1140 813 eo,
1174 776 1245 815 quo
1276 765 1369 804 haec
1387 765 1528 815 scripta

226 825 298 876 s'it,
327 828 515 879 tempore,
553 829 632 878 sive
668 829 816 870 saeculo
842 829 1002 878 ΙΧ-Χ,
1030 841 1102 880 quo
1128 829 1295 879 tempore
1322 828 1526 869 secundum

226 890 431 942 Cruquium
466 893 579 933 codex
613 894 680 934 ille
711 894 814 933 ortus
850 895 928 941 est,
963 894 1043 933 sive
1071 893 1251 943 superiori
1278 893 1526 944 assignamus,

230 956 511 1004 „Acronem“
548 957 601 997 'ab
630 957 790 997 Helenio
826 957 972 998 Acrone
1001 956 1229 997 disiunctum
1258 967 1357 1004 esse3
1385 956 1528 1008 legitur

224 1021 326 1060 enim
353 1021 455 1061 illic:
486 1051 765 1061 ......
814 1022 1076 1069 „Helonius
1103 1021 1280 1069 Acron,
1315 1021 1524 1060 omnium

224 1086 383 1124 autem
411 1086 589 1135 optime
616 1085 812 1125 Acr0n“.
870 1085 943 1126 Sed
971 1098 1056 1126 cum
1085 1098 1129 1126 ex
1155 1088 1319 1126 maxima
1347 1084 1528 1124 similitu-

226 1148 324 1196 dine,
354 1161 448 1199 quae
486 1150 586 1189 inter
623 1149 717 1190 duas
753 1150 852 1191 vitas
879 1149 966 1190 illas
995 1149 1207 1198 intercedit,
1235 1148 1528 1189 Blandinianam

225 1224 270 1251 ex
298 1213 438 1259 eodem,
468 1214 581 1262 atque
608 1214 889 1261 Bentinianam,
918 1214 1022 1253 fonte
1049 1225 1221 1252 manasse
1248 1214 1438 1263 appareat,
1466 1211 1529 1251 vix

226 1276 383 1316 dubium
402 1278 470 1325 est,
492 1277 579 1328 quin
600 1277 719 1318 forma
740 1277 987 1318 Bentinianae
1006 1278 1169 1330 genuina
1188 1278 1250 1326 sit,
1270 1276 1367 1328 quod
1390 1276 1529 1325 „Acro-

224 1340 305 1379 nis“
339 1341 566 1393 significatio
585 1343 635 1390 et,
665 1343 698 1382 si
725 1354 748 1382 a
776 1343 959 1394 principio
977 1343 1099 1393 posita
1116 1342 1262 1390 fuisset,
1291 1341 1397 1380 nulla
1416 1351 1529 1380 causa

224 1405 385 1454 videtur,
414 1418 486 1457 qua
514 1407 715 1447 interitura
756 1407 883 1455 fuerit,
927 1408 977 1455 et,
1013 1407 1047 1446 si
1074 1418 1145 1445 non
1175 1407 1222 1446 ab
1250 1407 1400 1446 auctore
1427 1405 1528 1445 vitae

222 1470 391 1519 profecta
419 1471 510 1517 erat,
539 1471 653 1510 facile
680 1471 771 1510 addi
789 1472 911 1520 potuit
931 1482 973 1509 ex
1001 1482 1054 1517 eo,
1084 1470 1182 1519 quod
1209 1470 1367 1509 fortasse
1395 1469 1528 1508 multis

223 1532 461 1573 Helenius
489 1534 613 1574 Acron
642 1547 707 1585 pro
743 1535 897 1574 Horatii
932 1534 1137 1585 interprete
1172 1534 1325 1585 ignotus
1352 1533 1445 1572 erat.
1476 1554 1526 1561 —

224 1596 279 1635 Ex
307 1609 380 1647 qua
408 1609 520 1637 causa
548 1599 679 1638 eadem
708 1610 763 1646 ea,
792 1610 887 1648 quae
913 1599 953 1637 in
975 1599 1063 1638 vitis
1082 1598 1250 1638 eiusdem
1276 1597 1405 1647 fontis,
1436 1607 1527 1647 quas

223 1660 290 1715 alii
317 1661 448 1701 tenent
475 1662 633 1711 codices,
662 1663 852 1715 leguntur,
883 1662 1101 1713 explicanda
1129 1661 1316 1702 videntur.
1358 1660 1527 1700 Editio

224 1724 325 1764 enim
365 1726 750 1767 Mediolanensis
778 1740 814 1767 a.
862 1729 966 1767 1474
1002 1728 1174 1778 praebet:
1223 1755 1525 1766 ......

224 1789 468 1841 Porphyrion,
511 1791 716 1839 Modestus,
758 1792 996 1831 Helenus:
1039 1792 1086 1831 et
1127 1791 1283 1830 Acron
1310 1789 1527 1829 omnibus

224 1854 439 1902 melius;“
473 1855 586 1895 codex
611 1856 812 1903 ,Acronis“
848 1856 1263 1907 Guelferbytanus
1277 1855 1310 1906 9)
1340 1853 1392 1906 (G
1419 1854 1527 1894 nota-

223 1918 324 1970 tus):
364 1919 596 1970 Poiphyrion
645 1951 653 1959 .
703 1950 712 1958 .
763 1950 771 1959 .
815 1951 825 1960 .
867 1921 1085 1959 Helenus
1124 1920 1169 1959 et
1202 1920 1356 1958 Acron
1383 1918 1527 1957 omni·
1583 1930 1586 1932 ·

223 1983 309 2023 bus
351 1983 570 2031 melius;“
618 1984 926 2024 Monacensis
970 1983 1096 2036 1.1⁰):
1158 2011 1524 2023 ......

223 2047 436 2087 Helenus
471 2049 517 2087 e't
552 2049 716 2097 Acron,
746 2048 924 2088 melius
952 2048 1174 2087 omnibus
1202 2047 1404 2090 Acron;⁴
1437 2046 1527 2085 Mo-

223 2112 456 2151 nacensis
483 2112 522 2151 5.
539 2113 613 2164 ²⁰):
662 2143 942 2153 ......
990 2112 1216 2151 Helenus.
1245 2111 1422 2150 Melius
1458 2111 1526 2149 ta-

223 2187 327 2214 men
355 2176 577 2215 omnibus
605 2177 776 2217 Acron.

353 2326 387 2368 9)
410 2325 458 2358 Ex
481 2326 541 2359 hoc
575 2328 609 2359 et
641 2325 777 2366 duobus,
801 2327 859 2368 qui
891 2327 1083 2368 sequuntur,
1116 2324 1283 2357 codicibus
1316 2324 1398 2357 haec
1429 2322 1527 2356 affert

223 2378 484 2413 Kirchnerus
510 2379 640 2418 „Novae
663 2380 871 2422 quaestiones
891 2379 1114 2412 Horatianus·
1140 2389 1171 2420 p.
1193 2378 1246 2411 43.
1269 2378 1323 2411 44.

354 2446 409 2486 10)
432 2455 452 2477 a
474 2445 654 2477 Kirchnero
677 2445 699 2477 1.
724 2454 750 2477 c.
774 2446 822 2477 sic
844 2446 987 2477 notatus.
