1772 2901
779 211 1023 250 -4-

246 316 393 365 ferunt,
415 316 508 356 satis
548 315 786 356 auctoritatis
825 316 952 364 habet,
993 317 1037 356 ut
1077 328 1118 356 re
1145 329 1233 357 vera
1260 317 1551 369 Porphyrionem
1624 318 1627 320 ’
1681 292 1682 295 ¹

245 380 436 420 auctorem
465 380 619 419 illorum
646 380 867 418 statuamus.

355 443 513 493 Deinde,
543 442 642 495 quod
660 443 709 483 ad
735 443 1005 484 Modestum
1023 444 1198 495 pertinet,
1227 442 1346 497 neque
1364 455 1566 485 commen--
1646 417 1719 471 '⁴·''

1714 464 1746 488 :ff-

244 509 367 548 tarius
393 508 636 556 Horatianus,
664 508 730 559 qui
756 508 792 548 ei
817 509 1027 556 tribuatur,
1055 510 1096 548 in
1123 509 1202 549 ullo
1229 509 1355 550 codice
1382 509 1550 549 contine-

244 573 309 612 tur
335 583 454 623 neque
480 572 529 612 ab
555 572 635 612 ullo
662 572 841 623 scriptore
875 571 1030 623 antiquo
1067 572 1127 612 vel
1154 573 1403 625 grammatico
1429 572 1550 613 Hora—
1574 573 1576 575 ’
1614 629 1616 632 r

243 637 291 677 tii
317 637 555 687 potissimum
582 637 756 686 poemata
781 636 984 687 explicasse
1010 637 1077 676 ille
1103 637 1280 686 traditur,
1309 637 1348 677 id
1376 637 1486 688 quod,
1515 637 1549 677 si

243 713 285 741 re
311 711 401 741 vera
427 700 579 740 Horatii
605 700 789 751 interpres
808 700 955 748 fuisset,
983 700 1084 751 apud
1101 700 1407 752 Porphyrionem‚
1437 712 1548 751 quem

242 766 327 816 post
354 765 464 804 illum
492 765 661 804 floruisse
680 765 838 812 constat,
866 764 1028 804 maxime
1046 765 1258 804 mirandum
1278 766 1387 805 esset.
1416 765 1547 815 Itaque

244 829 291 869 de
318 829 489 868 Modesto
515 829 680 869 vitarum
708 828 861 868 illarum
898 828 1116 876 auctoritas,
1153 828 1290 879 quippe
1318 839 1411 879 quas
1438 840 1547 879 prae-

241 894 301 933 ter
328 894 595 934 Suetonianam
639 904 730 933 aevo
771 893 894 932 medio
934 894 1036 932 ortas
1079 904 1158 933 esse
1185 894 1285 933 inter
1325 902 1452 933 omnes
1479 904 1545 943 pro

242 958 344 998 certo
370 958 566 1004 habeatur,
591 968 675 1013 ,non
704 957 797 996 satis
824 957 920 995 mihi
955 956 1108 1006 quidem
1145 957 1264 1004 valet,
1292 958 1418 1008 atque,
1447 957 1545 1007 quod

241 1021 391 1062 Horatii
419 1022 687 1062 commentator
706 1021 773 1060 ille
800 1021 1026 1069 nominatur,
1056 1022 1109 1061 sic
1134 1021 1290 1061 fortasse
1310 1021 1544 1061 enodandum

241 1087 311 1133 est,
339 1086 383 1124 ut
410 1086 624 1125 Modestum
664 1087 705 1124 in
747 1086 898 1135 scriptis
939 1085 1018 1124 suis
1058 1085 1318 1136 grammaticis
1346 1087 1544 1136 saepius

239 1150 339 1190 locos
366 1149 591 1189 Horatianos
619 1149 823 1200 explicasse
850 1149 1073 1189 statuamus.

348 1225 475 1264 Tertio
502 1225 582 1264 loco
610 1225 651 1263 in
685 1225 767 1264 vita
803 1236 826 1264 a
863 1225 1024 1264 Bentino
1060 1225 1162 1264 edita
1201 1225 1259 1272 „J.
1298 1225 1542 1273 Gelenius,

238 1289 437 1337 Acron“‚
465 1289 507 1327 in
534 1289 615 1329 vita
644 1288 783 1329 vetusti
801 1288 939 1329 codicis
967 1288 1162 1328 Blandinii
1181 1288 1310 1328 eodem
1328 1289 1407 1328 fere
1433 1288 1541 1329 modo

238 1353 444 1403 composita
478 1353 736 1401 „Helonius
762 1353 944 1392 Acrou⁸
977 1353 1157 1403 sequitur.
1186 1353 1232 1391 In
1250 1353 1318 1392 illa
1337 1352 1457 1403 igitur
1475 1365 1541 1403 pro

238 1428 311 1456 uno
320 1417 524 1457 scholiasta
538 1417 720 1456 “Helenio
728 1416 896 1456 Acrone*
914 1417 998 1465 duo,
1019 1417 1079 1465 ‚J.
1091 1416 1288 1457 Gelenius“
1304 1418 1343 1456 et
1355 1446 1371 1464 „
1381 1417 1540 1465 Acron‘,

237 1481 352 1532 positi
370 1482 479 1528 sunt;
508 1481 574 1521 sed
593 1482 876 1532 grammaticus,
896 1481 958 1522 cui
982 1482 1040 1529 „J.
1068 1471 1235 1522 Gelenii“
1259 1493 1393 1521 nomen
1411 1481 1539 1529 fuerit,

237 1557 388 1597 prorsus
414 1545 521 1585 nobis
557 1545 710 1596 ignotus
737 1546 813 1594 est,
849 1557 935 1585 cum
963 1546 1145 1586 Helenius
1172 1546 1298 1586 Acron
1324 1557 1347 1585 a
1374 1545 1542 1585 Chai-isio

237 1610 487 1662 grammatico
515 1609 663 1659 saepius
677 1610 711 1660 ε5)
738 1610 850 1660 atque
867 1610 927 1650 bis
955 1609 1009 1662 (p.
1031 1611 1111 1650 210
1138 1610 1206 1661 Κ.)
1234 1622 1300 1660 pro
1318 1610 1436 1659 ipsius
1463 1610 1542 1649 Ho-

237 1675 328 1714 ratii
366 1674 570 1724 interprete
609 1674 806 1720 afferatur;
848 1685 961 1724 quam
1002 1674 1049 1713 ob
1083 1685 1161 1712 rem
1190 1673 1440 1713 dubitandum
1467 1684 1542 1712 non

237 1740 308 1786 est,
336 1739 427 1788 quin
454 1739 575 1778 forma
608 1738 667 1786 „J.
689 1738 888 1779 Gelenius*
921 1750 987 1788 per
1006 1738 1185 1778 mendum
1210 1737 1357 1778 librarii
1376 1749 1419 1778 ex
1443 1737 1542 1785 „He-

236 1803 384 1842 lenius“
418 1803 499 1841 orta
525 1802 596 1850 sit,
633 1803 671 1841 id
702 1803 800 1852 quod
841 1802 954 1841 facile
994 1802 1076 1841 fieri
1103 1802 1245 1851 potuit,
1274 1801 1307 1840 si
1334 1801 1447 1840 codex
1474 1802 1541 1840 ille

236 1866 404 1916 Reatini,
433 1878 522 1907 sane
548 1867 597 1907 ab
625 1867 693 1907 illo
725 1867 938 1916 „vetustum
964 1866 1173 1918 exemplar“
1205 1866 1432 1915 nominatus,
1460 1876 1542 1906 sae-

236 1933 365 1973 culum
392 1932 488 1970 xm
515 1944 588 1971 non
630 1933 840 1981 superavit;
882 1933 931 1971 ab
973 1933 1128 1971 exeunte
1164 1933 1263 1970 enim
1291 1931 1437 1971 saeculo
1465 1931 1541 1970 XII

236 1996 407 2037 litteram
440 1996 509 2044 „h“
543 1995 598 2036 sic
625 1996 772 2037 constat
799 1995 979 2046 scriptam
1004 2007 1095 2044 esse,
1124 1996 1168 2035 ut
1194 1995 1376 2035 facillime
1403 2007 1470 2046 pro
1497 2006 1541 2035 ea

237 2061 333 2101 duae
360 2061 512 2100 litterae
545 2061 602 2108 ,i“
639 2061 678 2100 et
710 2065 780 2111 ,g⁴‘
813 2061 892 2111 legi
910 2061 1080 2110 possent;
1108 2061 1445 2110 interpunctionem
1473 2071 1541 2099 au-

235 2125 328 2179 tem,
357 2135 430 2174 qua
458 2125 572 2164 verba
604 2124 663 2172 „J.
693 2124 892 2164 Gelenius“
926 2125 965 2164 et
997 2124 1165 2180 „Acron‘
1196 2125 1427 2174 separantur,
1455 2124 1541 2164 nul-

236 2188 312 2229 lius
339 2189 520 2228 momenti
547 2200 627 2228 esse
654 2190 821 2239 apparet.
850 2189 985 2239 Itaque
1003 2201 1047 2228 ex
1066 2188 1210 2229 duabus
1238 2188 1329 2228 vitis
1346 2188 1427 2228 illis
1445 2199 1540 2228 unus

236 2253 386 2293 Horatii
405 2253 674 2293 commentator
692 2253 931 2293 Helenius
957 2253 1109 2293 Acron
1128 2253 1286 2301 exsistit,
1310 2264 1421 2303 quem
1442 2252 1540 2292 Cha-

368 2446 402 2488 5)
424 2447 454 2487 1,
475 2456 506 2489 p.
531 2447 597 2480 210
618 2446 676 2486 Κ.;
700 2447 775 2486 201,
798 2447 837 2486 3ς
860 2447 935 2486 216,
958 2448 978 2480 9
1001 2448 1064 2480 etc.
