1772 2901
176 321 317 375 nutem
350 323 456 365 verbi
486 322 765 372 ,Libonisae
798 324 832 364 si
872 323 995 374 prima
1034 323 1103 363 ina
1130 336 1166 364 v.
1197 323 1250 364 65
1276 323 1473 374 explicatio

150 378 485 436 *Aeronisss'est
516 388 556 427 et
581 388 703 437 ipsam
730 387 766 427 oi
792 387 967 428 tribuam.

253 475 255 477 v
287 443 381 494 Jem
407 464 449 492 v.·
473 452 545 492 69.
588 451 843 503 explicationis
869 452 993 503 prima.
1018 464 1104 504 pars
1145 454 1185 492 in
1212 468 1233 503 γ
1262 452 1380 492 solum
1417 451 1472 492 le-

138 526 145 547 ῑ
183 519 288 569 gitur
313 517 425 568 atque
451 528 600 567 prorsus
627 516 772 556 inutilis
800 517 869 564 est,
911 518 1072 558 secunda
1101 517 1292 569 (‚‚Caelius
1320 518 1358 556 et
1384 517 1471 556 Bir-

76 623 92 626 ,.
182 582 262 623 'rius
290 613 300 622 .
330 613 339 623 .
359 600 379 622 ·.
410 612 419 621 .
451 612 460 621 .
490 613 500 623 ,
529 581 724 634 fuerunt“)
750 581 800 622 ad
825 581 963 623 falsam
991 582 1098 622 illam
1126 582 1230 623 verbi
1263 582 1467 630 ,latrones“

76 654 79 656 ’
129 677 136 681 -
184 642 466 701 explicationem
488 647 668 697 quadrat;
696 647 810 687 tertia.
826 648 952 687 autem
978 648 1179 687 admodum
1207 649 1299 687 bene
1327 647 1474 687 Horatii

184 711 296 768 verbe
308 711 471 762 explicat
483 711 593 762 atque
606 711 789 752 fortassei
797 712 932 763 psius
949 712 1151 752 Aeronis
1166 713 1232 752 est.
1264 734 1313 741 —-
1344 712 1474 751 Extre-

184 778 285 817 mam
310 778 437 816 autem
467 777 571 816 verbi
603 777 889 824 „latronum“
923 777 1217 828 explicationem,
1253 789 1364 827 quam
1390 777 1473 827 qui-

184 840 269 880 dem
295 855 316 891 γ
343 841 493 880 tantum
519 841 644 889 habet,
673 841 749 880 iam
782 841 956 881 refutavi.
1013 842 1243 881 Posti-emam
1279 842 1474 881 verborum

130 960 133 962 ¹
190 917 293 953 ‚eur
329 899 516 945 nsetuas
558 907 676 945 me?“
722 906 1017 957 explicationem,
1059 917 1207 956 prorsus
1248 906 1295 945 ab
1324 905 1474 945 Horatii

141 973 143 976 ’
183 970 368 1011 sententia
387 970 548 1010 alienam
568 971 614 1010 ob
633 982 786 1021 eamque
804 982 883 1011 rem
910 970 1173 1011 secernendam
1201 983 1280 1011 esse
1307 971 1471 1021 apparet.

0 1066 32 1083 μ
66 1077 69 1085 ,
290 1035 426 1085 Jtaque
468 1047 552 1075 cum
579 1048 761 1086 perpauca
787 1036 849 1076 hic
877 1047 920 1076 ex
942 1025 1072 1086 *ipsius
1101 1036 1257 1076 Acronis
1285 1048 1473 1077 commen-

32 1120 46 1128 ν
77 1093 94 1111 ⁵
121 1124 129 1128 -
183 1099 281 1140 torio
305 1100 448 1139 exstare
475 1099 685 1148 videantur,
727 1100 835 1151 plura
876 1101 1002 1140 tamen
1030 1100 1078 1140 ab
1119 1100 1185 1139 illo
1214 1101 1352 1150 scripta
1394 1112 1473 1140 esse

19 1153 24 1160 “
186 1165 279 1204 mihi
306 1164 456 1216 quidem
483 1165 686 1205 verisimile
714 1166 781 1206 ost.

293 1228 361 1267 Ad
389 1240 424 1268 v.
455 1229 515 1268 94
548 1229 749 1277 ,Acron‘
781 1230 916 1270 habet:

623 1327 670 1366 A.
700 1327 957 1367 secundum
987 1341 1024 1377 y:

375 1414 429 1454 de
448 1413 891 1466 Capitolinifurtis
909 1416 1096 1455 iniecta
1121 1415 1313 1455 Petilli.
1342 1414 1472 1466 Fingit

310 1489 349 1518 se
376 1479 476 1529 loqui
495 1491 579 1519 cum
598 1479 767 1530 quodam,
796 1480 860 1530 qui
873 1480 1015 1520 amicus
1038 1480 1089 1519 sit
1107 1479 1330 1527 Petillii,
1358 1479 1472 1518 amici

309 1607 419 1647 tolini
438 1608 631 1659 rapuisset,
659 1609 851 1653 absolutus
877 1609 945 1649 est.
965 1631 1019 1638 —
1038 1608 1130 1649 Cum
1154 1608 1336 1659 Capitolio
1364 1620 1471 1659 prae-

310 1673 418 1720 esset,
461 1684 630 1714 eoronam
671 1674 806 1724 rapuit.
860 1674 928 1714 Est
954 1675 1081 1714 autem
1108 1673 1387 1725 genitivuszss)
1424 1672 1470 1711 de

311 1736 423 1776 furtis
450 1737 595 1777 Petillii
622 1737 835 1788 Capitolini.
891 1739 990 1778 Nam
1018 1751 1062 1779 ex
1089 1738 1245 1778 crimine
1274 1737 1468 1788 Capito-

310 1801 708 1853 linusbPetillius
736 1802 940 1842 dicebatur.
961 1826 1013 1831 —
1032 1803 1106 1842 Hic
1134 1803 1180 1842 de
1207 1802 1469 1853 exspoliatione

233 1859 261 1910 ,’
310 1864 484 1916 Capitolii
524 1867 730 1916 accusatus,
774 1857 940 1916 dubium,
983 1868 1108 1908 utrum
1137 1867 1261 1919 gratia
1302 1867 1468 1907 iudicum

259 1983 262 1988 f
310 1930 362 1969 sit
406 1931 609 1971 absolutus.
643 1932 770 1971 tamen
812 1931 1118 1982 Capitolinus
1160 1932 1371 1972 vocabatur.
1413 1953 1468 1960 -

309 1995 546 2036 Petillius
588 1996 677 2037 dum
719 1996 895 2048 Capitolii
937 2008 1064 2037 curam
1103 1997 1269 2049 gereret,
1317 2007 1469 2037 coronae

310 2060 478 2100 sublatae
506 2073 656 2102 causam
685 2061 791 2110 dixit,
821 2063 859 2101 et
885 2062 1057 2113 Augusto
1084 2062 1275 2101 absolutus
1302 2062 1369 2102 est.

418 2169 464 2208 B.
494 2170 752 2210 seeundum
779 2170 994 2221 reliquos
1022 2169 1226 2210 codices:

373 2254 610 2296 Petillius
651 2268 737 2297 eum
765 2256 946 2308 Capitolio
973 2257 1169 2308 praeesset,
1211 2268 1381 2314 coronam
1408 2268 1468 2296 ra-

310 2320 402 2370 puit.
458 2320 528 2360 Est
554 2322 680 2361 autem
707 2322 915 2373 genitivus:
959 2314 1003 2362 fle
1030 2321 1141 2361 furtis
1170 2321 1370 2373 Capitolini
1398 2321 1468 2361 Pe-

265 2427 320 2470 43)
343 2427 436 2463 Hanc
450 2429 756 2471 interpunctionem,
773 2440 868 2473 quam
884 2429 1085 2463 Hauthalius
1104 2430 1264 2472 neglegit,
1286 2429 1467 2472 ponendam

1184 2529 1210 2568 5

312 1541 491 1591 Caesaris,
533 1543 594 1593 qui
637 1544 843 1591 accusatus,
886 1543 981 1597 quod
1022 1555 1192 1583 coronam
1229 1543 1334 1583 Jovis
1363 1542 1472 1593 Capi·
1528 1545 1536 1553 '
